2656 4724
663 371 735 448 (32
757 377 771 452 )

220 501 332 596 bigine
348 525 519 608 corrosus,
534 501 638 575 utrix
652 529 690 574 ac
703 529 746 574 ne
760 503 814 574 vix
829 504 963 603 quidem
976 534 1115 606 paucas,
1130 537 1200 582 eas·

221 651 284 723 que
301 623 442 696 incertas
435 601 582 694 litteras
596 621 783 710 discernere
795 624 976 723 potuerim

556 784 795 915 (xxvnst
775 825 840 922 2.)

245 1005 308 1076 ln
322 1000 424 1090 valle,
440 1029 505 1102 qua
519 1001 642 1074 {lumen
657 963 812 1093 Barmdi,
832 1005 913 1078 olim
931 1007 1197 1106 Chrysorrhoas,

146 1191 150 1197 .
219 1127 260 1200 ab
275 1123 499 1209 Antilibano
489 1150 526 1196 m
541 1125 785 1220 Damascenum
801 1155 919 1222 agrum
935 1129 1066 1221 dessuit,
1087 1132 1173 1204 ad
1147 1163 1196 1206 rr-

218 1277 296 1348 pam
313 1245 564 1342 occidentalem,
579 1247 729 1348 quinque
744 1247 798 1329 vel
813 1277 872 1336 sex
888 1279 908 1322 ι
925 1252 1211 1341 Damascohoris'

218 1359 413 1468 paulos'ante
430 1397 552 1468 pagum
564 1372 635 1447 Der
647 1369 677 1444 el
686 1372 822 1459 Κιιιιιιι,
844 1371 924 1446 haec
940 1373 1198 1474 inscriptiocer-

217 1493 359 1576 nitur-in
375 1519 473 1580 saxo,
488 1492 524 1565 in
538 1521 609 1593 vquo
623 1509 689 1566 tres
707 1493 803 1567 etiam
817 1473 969 1599 cryptae,
982 1496 1033 1569 vel
1048 1497 1198 1597 sepulcra

192 1635 372 1722 ·eroavata
387 1632 478 1689 sunt.
537 1647 546 1710 j
763 1718 765 1721 Ι

266 1720 541 1841 δειιιιιιίιιιιιιε
556 1735 692 1810 initialis
707 1737 818 1812 littera
834 1739 970 1812 incerta.

475 1881 478 1887 ¹
522 1942 526 1948 ·
572 1904 769 2049 (xxvtn,
792 1939 848 2038 1.)
932 1917 934 1924 ’

265 2117 305 2188 ln
319 2114 431 2186 eadem
444 2112 581 2207 regione
594 2112 636 2185 ad
644 2109 795 2212 Boream
812 2114 965 2212 pergenti
978 2113 1065 2188 ultra
1079 2115 1150 2210 Der
1168 2115 1199 2189 el

218 2237 340 2309 Kanun
355 2233 492 2336 antiqua
507 2234 627 2330 rudera
652 2240 850 2351 ocemont,
871 2236 988 2336 exipde
1005 2266 1111 2344 pagus
1127 2236 1200 2310 sut<

217 2339 367 2449 Barradi‚
379 2386 446 2458 quo
458 2340 704 2458 praetergresso
718 2352 929 2469 restringitur
941 2356 1048 2450 vallis⁷
1060 2388 1098 2432 ac
1111 2388 1200 2434 mon·

219 2501 268 2556 tes
281 2473 455 2570 imminent
471 2479 618 2569 flumini,
634 2479 682 2552 ita
694 2497 738 2553 ut
752 2479 824 2552 viae
838 2479 949 2555 aditus
967 2509 1062 2594 aegre
1076 2498 1197 2588 pat-eat.

221 2602 306 2676 Cum
321 2601 357 2674 in
373 2601 452 2703 ipso⁴
467 2600 614 2690 fluminis
629 2596 725 2682 alveo
741 2602 806 2675 iter
818 2601 935 2693 facias,
952 2603 984 2692 si
998 2603 1200 2693 adoriente-

221 2727 284 2799 lem
303 2726 410 2824 ripam
431 2722 548 2798 oculos
564 2721 714 2817 attollas,
731 2725 843 2823 rddere
861 2742 914 2798 est
925 2711 1201 2824 rupemexcisam

219 2849 303 2925 miro
318 2847 432 2921 labore
444 2845 481 2919 in
492 2848 712 2945 ducentorum
723 2847 853 2921 circiter
870 2874 1043 2943 gressuum
1054 2845 1199 2942 longitu-

220 2974 340 3053 dinem.
364 2969 488 3073 Operis
504 2969 667 3044 rationem
676 2985 807 3108 ,atque
824 2985 962 3043 aetatem
979 2967 1100 3040 docent
1118 2968 1201 3041 duae

219 3093 454 3193 inscriptiones
466 3091 584 3190 inipsa
597 3118 682 3192 rupe
697 3091 835 3183 incisae,
847 3107 880 3173 et
892 3090 927 3162 in
922 3107 1081 3226 utraque
1096 3101 1202 3163 extre·

219 3233 334 3291 mrtate
347 3229 515 3312 repetitae
609 3245 612 3251 ⁴

261 3335 368 3428 Hae
355 3334 594 3435 inscriptiones
607 3364 677 3409 non
696 3334 804 3432 solum'
820 3335 954 3413 eximiae
972 3353 1051 3409 sunt
1069 3338 1114 3410 ob
1132 3365 1200 3410 ser-

222 3460 329 3563 monis
347 3457 560 3554 elegantiam,
575 3475 609 3531 et
624 3459 746 3554 egregii
762 3457 871 3558 operis
885 3459 1054 3551 notitiam,
1069 3459 1126 3533 sed
1139 3489 1202 3558 po-

223 3583 385 3656 tissimum
394 3609 433 3654 eo
443 3580 534 3682 qnod
544 3608 584 3653 ex
595 3578 662 3653 illis
672 3577 1015 3680 discimus,proximis
1025 3581 1201 3657 ruderibus

112 3751 114 3755 <
223 3708 353 3782 stetisse
364 3705 536 3806 antiquum
548 3702 710 3804 oppidum
717 3703 859 3791 Abilam,
876 3711 969 3799 cujus
982 3705 1202 3780 meminerunt

223 3828 406 3931 geographi
424 3845 524 3926 atque
547 3825 700 3900 historici
723 3826 930 3928 complures,
946 3829 1078 3930 qaodve
1101 3830 1202 3907 Abila
