2656 4724
644 340 659 416 (
680 340 720 412 4⁰
740 341 755 417 )

255 469 296 538 ln
317 466 423 565 priori
444 494 539 539 versu
559 465 733 562 legendum
755 468 896 542 fortasse
919 479 1191 560 ΙΑΣΗΛΙΤΑΣ,

174 595 178 604 “
205 589 257 663 vel
277 601 521 666 ΙΑΣΗΝΤΑΣ.
536 592 575 662 In
590 588 688 663 tertio
700 600 801 667 ΠΛΟ
811 644 820 679 ,
832 590 887 664 uel
900 601 1032 668 ΠΑΙΟ.
1046 591 1190 693 Reliqua

205 713 489 814 uimiscorrupta'.
966 757 968 761 ·
1000 705 1002 708 ¹

568 834 829 930 (xxxum.)

256 1023 297 1093 lu
317 1021 462 1120 ejusdem
487 1018 562 1093 clivi
579 1021 740 1095 descensu
757 1049 812 1093 ara
829 1022 974 1095 rotunda
991 1050 1030 1094 ex
1047 1023 1192 1121 quodam

206 1139 318 1242 lapide
336 1140 457 1215 coloris
477 1141 637 1230 caerulei,
654 1141 754 1215 simili
770 1143 886 1216 forma.

438 1318 440 1321 ’
559 1337 767 1431 (xxxvii,
794 1337 842 1434 1.)

259 1522 299 1591 In
315 1521 427 1594 eadem
436 1521 487 1593 via
499 1519 714 1593 volutabatur
723 1519 814 1594 arula
826 1527 926 1614 ejecta
937 1521 1077 1595 fortasse
1087 1550 1106 1593 a
1118 1549 1199 1620 quo·

202 1636 286 1723 dam*
304 1643 458 1744 proximo
472 1643 652 1716 viridarioc
806 1649 808 1653 ’

565 1841 756 1938 (XXXVII
790 1838 849 1934 2.)

260 2024 301 2094 ln
320 2025 393 2094 vico
412 2021 584 2108 sanduli,
602 2049 670 2093 nnn
695 2018 795 2114 longe
812 2018 855 2092 ab
882 2017 966 2091 urbe
982 2016 1198 2108 *Rhodosad
1224 2117 1227 2121 1

213 2143 493 2243 septentrionem,
514 2142 717 2242 cylindratus
736 2172 774 2216 ac
792 2167 997 2217 marmoreus
1016 2141 1199 2240 stylobates

212 2265 382 2354 inversus,
401 2294 439 2338 ac
456 2265 610 2352 mutilus,
628 2266 761 2340 duobus
780 2267 929 2340 versibus
950 2283 1078 2339 tantum
1093 2294 1109 2337 e
1125 2261 1201 2336 solo

211 2389 468 2487 emergentibus,

565 2511 775 2610 (xxxvii,
795 2510 850 2603 3.)
903 2573 906 2582 f

262 2694 376 2796 Prope
393 2695 546 2770 Sandarli
559 2695 594 2768 in
611 2694 759 2768 convalle
774 2695 971 2796 quadratum
986 2719 1102 2765 saxum
1115 2699 1199 2786 jacet

211 2819 248 2890 in
265 2848 333 2891 uno
352 2817 453 2893 latere
473 2819 515 2893 ad
532 2817 681 2890 mortarii
704 2816 844 2890 sormam
864 2831 1073 2902 excavatum,
1093 2816 1128 2887 in
1146 2814 1200 2888 al-

213 2957 284 3013 tero
303 2940 436 3013 titulum
455 2939 610 3024 nonnihil
628 2940 845 3014 deformatum
864 2938 1035 3011 exhibens.

263 3065 385 3162 Quarti
410 3048 534 3136 versus·
549 3063 680 3136 initium
707 3063 800 3138 valde
823 3049 1007 3148 incertum3
1028 3060 1203 3158 legebatur
1255 3104 1259 3112 =

166 3199 168 3208 '
216 3189 356 3277 sortasse
373 3179 640 3265 ΑΦΡΑΚΤΟΥ.
658 3183 873 3260 Intervallum
892 3185 976 3257 sexti
990 3213 1129 3285 prorsus
1144 3214 1198 3257 va-

213 3337 324 3382 cuum.
345 3307 573 3383 succedebant
590 3311 728 3408 insuper
753 3336 810 3381 sex
824 3335 939 3382 uersus
958 3309 1041 3382 adeo
1061 3307 1198 3380 minutis

212 3461 250 3505 ac
275 3431 404 3505 detritis
423 3432 560 3523 litteris,
583 3451 619 3506 ut
642 3431 754 3504 nullus
777 3460 814 3505 ex
839 3430 906 3510 illis
932 3461 1049 3508 sensus
1074 3430 1200 3530 percipi

138 3628 141 3636 ,
216 3574 339 3655 posset.
1201 3544 1207 3566 ‘

611 3715 789 3744 *ψ
