2656 4724
601 370 612 454 (
638 373 708 448 ¹6)

568 556 667 646 (xv,
687 553 745 645 3.)

213 729 253 798 ln
263 726 394 798 interno
404 724 528 824 pariete
537 723 962 824 juxtaimpluviunrdomus
972 723 1158 820 cujusdam·

167 848 299 936 Graeci,
322 865 412 920 extra
434 846 633 921 Graecorum
655 846 778 934 vicum,
797 836 971 946 inscriptio
990 846 1025 917 in
1043 875 1146 946 parvo

166 970 351 1070 stylobate‚
371 975 465 1063 cujus
479 962 619 1043 formam
635 969 756 1069 raptim
776 966 949 1041 delineari.

462 1211 465 1220 a
559 1141 680 1231 (XVI,
706 1145 760 1238 1.)

216 1317 255 1385 In
272 1312 366 1384 urhis
382 1312 535 1406 regione,
552 1339 652 1412 quam
666 1331 786 1385 vocant
803 1312 916 1410 Abagi
925 1311 1074 1397 Makala,
1098 1339 1150 1410 pe·

167 1465 226 1510 nes
242 1435 407 1536 quendam
421 1436 567 1508 Tuccam
585 1463 707 1535 parvus
723 1433 914 1534 stylobates.
936 1436 977 1506 ln
993 1432 1150 1504 inferiore

167 1577 262 1661 parte
275 1559 384 1630 trunci
401 1556 531 1656 sculpta
550 1575 599 1630 est
615 1557 807 1658 inscriptio,
823 1556 859 1629 in
876 1556 1046 1656 superiore
1063 1584 1149 1627 ana-

169 1680 319 1782 glyphon
335 1707 395 1779 per
409 1678 557 1764 medium
571 1677 786 1752 confractum.

562 1848 684 1938 (xvr,
707 1852 762 1938 2.)

218 2025 258 2093 ln
275 2020 435 2120 impluvio
452 2019 671 2106 thermarum,
690 2019 814 2118 quibus
832 2045 955 2090 nomen
976 2016 1056 2116 Cr'up
1074 2018 1150 2091 Ho-

169 2169 269 2226 rreum,
297 2167 356 2214 seu
378 2140 556 2240 amphorae
576 2138 746 2227 balneum,
762 2135 821 2233 'ara
840 2140 981 2240 cymatio
998 2141 1150 2214 decorata

171 2294 245 2338 cum
262 2263 363 2337 latina
379 2262 597 2362 inscriptione
611 2262 686 2336 rudi
701 2262 888 2336 charactere
903 2263 1017 2335 incisa.
1035 2261 1151 2335 Plures

171 2390 296 2464 litteras
316 2411 454 2489 prorsus
470 2386 612 2459 incertas
631 2385 738 2458 omisi.
759 2385 949 2479 Subjectam
973 2413 1150 2473 coronam,

172 2511 463 2611 subscriptumque
500 2509 694 2584 SACRVM
730 2509 856 2582 inferne
892 2510 1152 2605 circumcingunt

171 2649 259 2706 serta
274 2661 294 2705 a
308 2633 446 2706 taurinis
461 2633 625 2732 capitibus
641 2632 830 2733 pendentia.

220 2755 328 2831 Aliter
342 2755 457 2830 retulit
470 2757 620 2831 Thomas
635 2756 742 2830 Smith
757 2757 792 2829 in
807 2755 928 2855 Septem
942 2756 1044 2828 Asiae
1057 2755 1151 2827 ecclc-

129 2980 130 2983 *
170 2880 282 2953 uiarum
304 2881 446 2966 Notitia,
475 2898 507 2953 et
532 2908 570 2951 ex
592 2906 631 2951 eo
654 2880 861 2952 Muratorius
882 2880 916 2951 in
943 2878 1026 2951 Nor.
1056 2879 1148 2953 Thes.

172 3001 333 3102 Inscnpt„
358 3032 432 3103 pag.
452 3021 598 3086 Dctx1x‚
613 3029 646 3072 n.
664 3004 696 3092 4.

563 3174 679 3280 (xvi,
700 3173 759 3263 a.)

221 3348 313 3416 Inter
331 3346 449 3416 rudera
464 3345 538 3429 Tei,
558 3345 660 3417 hodie
673 3346 829 3432 Bodrun,
845 3349 1049 3446 praegrande
1064 3347 1152 3441 frag-

173 3483 319 3539 mentum
339 3465 432 3538 valdc
448 3465 611 3540 mutilum.
633 3468 707 3540 Hoc
728 3467 802 3541 loco
820 3470 931 3569 posui,
952 3469 1041 3569 quod
1060 3468 1151 3540 lonia
1219 3557 1222 3562 Ι

172 3589 375 3661 contermina
392 3606 461 3661 crat
480 3590 641 3685 Pergami.

577 3799 758 3825 «Qu—-
