2656 4724
680 348 790 424 (4¹)

229 499 336 561 sam,
356 473 447 574 quod
469 474 505 546 in
530 502 684 549 versuum
704 476 770 551 fine
794 479 870 552 data
896 507 997 581 opera
1014 481 1152 555 {iactum
1173 485 1227 556 vi.-
1293 568 1298 575 ἱ

54 617 56 622 ·
240 594 348 669 detur.

289 717 388 792 Prior
403 746 518 792 versus
536 721 676 796 maxima
694 751 734 797 ex
751 703 845 824 parte
862 723 1000 800 deletus.
1033 740 1036 745 “

289 844 445 917 Secundo
462 834 559 925 versu
577 845 612 916 in
630 843 740 947 priore
753 849 932 924 intervallo
948 849 1040 924 nulla
1059 849 1149 924 deest
1169 851 1228 924 lit-
1292 902 1297 920 .

241 980 331 1053 tera,
345 965 380 1037 in
396 953 583 1065 posteriore
599 997 666 1042 una
683 988 825 1046 tantum.

288 1087 404 1160 Tertio
422 1116 520 1162 versu
536 1115 603 1164 una
622 1090 731 1168 littera
749 1092 859 1168 (lelieit
875 1096 910 1168 in
927 1097 1055 1196 priore,
1072 1115 1172 1198 atque
1185 1098 1226 1170 ins

239 1210 348 1286 medio
367 1209 557 1302 intervallo;
577 1243 642 1314 uaa
658 1215 709 1289 vel
724 1217 808 1291 duae
823 1217 860 1290 in
875 1236 1059 1319 postremo.
1086 1266 1092 1280 ι’

287 1341 328 1412 In
342 1338 470 1412 decimo
482 1362 578 1410 versu
592 1338 676 1416 duae
690 1357 749 1421 aut
764 1357 831 1412 tres
844 1338 972 1415 litterae
985 1339 1221 1414 desiderantur.
1274 1340 1276 1343 ’

290 1453 397 1539 Versu
414 1463 612 1551 duodecimo
633 1489 700 1535 una
717 1479 870 1551 tantum,
885 1462 937 1560 vel
961 1463 1045 1538 duae
1063 1463 1228 1536 adsum·

238 1613 329 1659 mum
345 1585 475 1660 litterae
490 1587 627 1666 desunt.
665 1594 668 1598 ’
1180 1575 1183 1585 ⁴

638 1805 745 1903 (xe,
773 1807 821 1899 ι.)

288 2001 510 2074 Ascendendo
526 2027 587 2100 per
606 1989 751 2075 eamdem
767 1999 854 2073 riam
872 2000 996 2098 paucis
1008 1998 1130 2074 abhinc
1146 2029 1222 2101 pas·

239 2122 343 2196 sibus.
377 2137 381 2144 '

641 2197 743 2350 (xl,
757 2261 813 2351 a.)
935 2300 936 2303 =

286 2456 327 2527 In
346 2454 461 2528 eadem
479 2453 705 2545 Palae-castro
722 2453 874 2550 regione,
895 2453 932 2524 in
957 2454 1117 2526 descensu
1134 2451 1222 2538 viae,

239 2575 292 2648 eui
304 2561 608 2650 nomenTaxiarchi
617 2575 742 2653 Laudia
753 2577 796 2651 ad
806 2575 931 2651 laevam
938 2575 1037 2666 ,haec
1046 2573 1225 2675 inscriptio
1319 2660 1322 2669 Δ

239 2698 401 2790 cernitur,
418 2704 512 2794 cujus
526 2716 712 2800 postremae
730 2698 860 2774 litterae
877 2698 951 2773 solo
967 2697 1121 2772 infossae.

645 2919 819 3014 (xm.)

288 3127 327 3197 ln
341 3125 452 3198 eadem
463 3125 556 3199 urbis
571 3143 665 3225 parte
675 3131 812 3220 integer,
824 3151 861 3196 ac
873 3122 959 3195 bene
971 3122 1121 3222 sculptus
1135 3122 1224 3221 lapis

238 3247 273 3319 in
290 3247 450 3321 exteriore
467 3248 555 3323 aedis
573 3248 609 3320 S.
628 3244 769 3320 Joannis
787 3242 1019 3343 Chrysostomi
1030 3244 1154 3344 pariete
1167 3244 1221 3317 in-

238 3385 355 3441 sertus.

635 3510 650 3596 (
662 3506 757 3594 XLI,
780 3507 828 3597 1·)

285 3704 326 3773 ln
344 3702 395 3773 via
415 3699 499 3774 Aios
518 3700 695 3776 Dimitrios
716 3701 801 3801 lapis
820 3702 970 3775 inversus
990 3702 1023 3774 in
1039 3730 1133 3775 muro
1155 3702 1219 3800 pri·

238 3842 329 3900 ratae
345 3826 465 3900 domus
480 3824 523 3898 ad
539 3825 745 3900 ascendentis
764 3826 936 3900 dextram(
