2656 4724
663 216 777 296 (³4)

223 368 1072 402 mmmmm
1077 378 1158 402 Um
1164 379 1214 402 ww

343 576 346 581 ,
395 507 558 595 CYPRI
588 507 1039 599 INSCRlPTIONES.

549 698 865 761 ‘4-

492 927 495 931 ,
584 858 781 950 (xuuu,
802 835 852 956 a)

273 1034 378 1109 Primi
404 1032 635 1106 exscribantur
665 1031 732 1105 duo
757 1030 907 1132 lapides,
937 1063 1023 1136 quos
1045 1036 1214 1110 Borussus

226 1158 360 1259 quidam
381 1154 610 1254 peregrinator
630 1150 768 1225 abstulit
782 1159 810 1226 'a
832 1152 1019 1229 Salaminae
1039 1156 1215 1230 ruderibus

224 1285 440 1374 Famagostae
454 1276 629 1380 proximis,
650 1305 689 1349 ac
702 1278 868 1350 Lernaeae
884 1279 920 1351 in
933 1280 1071 1353 aedibus
1085 1282 1217 1354 Berus-

226 1401 287 1475 sici
316 1383 465 1474 consulis
495 1397 632 1498 reliquit
660 1427 700 1471 co
737 1399 867 1488 animo3
889 1420 945 1495 ut
977 1401 1012 1475 in
1043 1405 1213 1503 Europam

223 1520 503 1621 quandocumque
527 1516 796 1592 transferrentur.
817 1521 929 1594 Ambo
955 1524 1148 1612 marmorei,
1177 1553 1217 1596 ac

224 1644 310 1718 bene
330 1643 464 1744 sculpti.
480 1643 582 1717 Prior
594 1641 802 1742 aliquantum
819 1646 956 1720 fractus.

599 1821 762 1914 (xm,
787 1825 843 1916 1·)

274 1991 370 2066 Alter
385 1991 509 2064 fractus
539 2019 608 2062 non
635 1989 743 2065 solum
764 1992 799 2065 in
820 1993 936 2079 initio,
957 1993 1014 2065 sed
1038 1993 1126 2066 etin
1148 1995 1215 2068 line

225 2141 340 2187 versus
357 2112 464 2200 tertii,
481 2128 515 2184 et
528 2111 648 2212 quinti.

514 2372 517 2376 .
600 2295 757 2394 (XXIX,
777 2297 834 2394 2.)

275 2469 443 2555 Nicosiae‚
461 2495 544 2567 quae
558 2483 659 2566 caput
676 2483 726 2539 est
741 2467 846 2542 totius
863 2466 1010 2556 insulae,
1028 2469 1064 2542 in
1077 2471 1215 2570 parvula

225 2622 298 2666 area
320 2592 411 2689 juxta
434 2589 705 2663 mahumetanum
722 2588 902 2690 templum,
921 2591 1038 2665 turcici
1053 2593 1212 2691 praelecti

226 2715 362 2788 aedibus
378 2713 582 2814 proximum,
610 2712 701 2813 quod
719 2711 830 2787 italice
853 2713 1042 2815 appellatur
1061 2715 1218 2789 Moscheo

225 2836 279 2909 del
291 2835 458 2936 remagli),
477 2834 634 2935 antiquus
652 2834 880 2935 sarcophagus
896 2836 1029 2923 viditur,
1050 2837 1103 2909 cui
1122 2838 1214 2911 deest

226 2957 414 3059 opereulus.
442 2959 549 3030 Areae
579 2955 754 3052 longitudo
789 2975 839 3030 est
861 2957 1003 3030 duorum
1034 2977 1215 3034 metrorum

227 3108 303 3153 cum
317 3077 492 3152 duodecim
508 3077 710 3152 centimetris
724 3107 731 3167 ;
747 3076 890 3152 altitudo
910 3105 990 3152 vero
1004 3081 1214 3155 unius'metri

178 3286 184 3298 Ι
225 3231 300 3275 eum
316 3217 444 3299 septem
471 3199 683 3274 centimetris.
708 3199 861 3273 Funebre
888 3227 1021 3274 carmen
1040 3203 1075 3275 in
1099 3203 1215 3300 majori

224 3325 333 3398 sronte
365 3322 555 3429 sculptum,
590 3343 622 3398 et
656 3352 756 3424 parva
789 3322 989 3422 quadratura
1020 3340 1214 3398 contentum

224 3447 368 3546 spatium
386 3465 477 3549 tenet
494 3447 529 3519 in
552 3447 793 3542 longitudinem
823 3444 993 3540 sexaginta
1018 3463 1163 3547 septem,
1183 3464 1215 3519 et

222 3571 259 3642 in
285 3568 492 3643 altitudinem
522 3569 741 3669 quadraginta
779 3567 863 3640 duos
897 3568 1120 3641 centimetros.
1153 3570 1212 3639 ln-

224 3692 414 3793 scriptionis
428 3691 560 3766 initium
575 3691 686 3766 dedita
704 3719 803 3793 opera
821 3709 1025 3792 corruptum.
1045 3692 1084 3762 ln
1103 3690 1209 3790 priori
