2656 4724
599 299 705 386 (²9)
767 368 769 370 .

214 446 254 516 ln
270 441 335 515 lme
352 439 484 540 septimi
504 434 618 522 versos
635 453 715 538 post
732 429 874 506 deletum
898 431 1042 506 litteram
1066 460 1142 506 soc-

167 565 282 639 cedere
303 562 455 636 videntur
471 578 533 651 CX,
551 561 608 634 sed
623 587 678 633 eae
692 585 828 658 quoque
840 556 968 658 dubiae.
1152 650 1154 654 Α

216 688 258 759 lu
275 685 386 786 priore
400 680 507 756 octavi
526 707 640 785 versus
653 676 826 752 intervallo
843 678 927 788 duae
941 675 1069 751 litterae
1087 677 1145 749 de-

169 825 264 897 sunt,
281 805 316 879 iu
331 802 628 906 posterioreuuica
646 819 793 875 tantum.-

191 957 194 962 ·
217 931 499 1025 Quatuorversus
516 934 695 1014 ΕΚΤΩΝ,
711 940 787 1014 eto,
801 922 923 1023 sculpti
941 940 1019 997 sunt
1032 922 1067 995 in
1080 920 1146 994 alio

168 1051 364 1152 lapide‚5qui
381 1046 751 1150 praecedenti-substat.

460 1300 463 1307 -
542 1228 704 1359 (xxrug
719 1259 774 1357 3.)

206 1449 259 1520 'ln
280 1475 366 1548 pago
385 1445 516 1536 nmen,
531 1445 574 1520 ad
587 1441 753 1551 quandam
771 1448 913 1536 januam.
1001 1448 1005 1454 ”

544 1616 704 1751 (XXIV,
727 1657 777 1745 1.)

198 1854 200 1859 '
224 1836 349 1910 lbidem
365 1836 401 1908 in
420 1835 599 1936 supercilio
613 1837 689 1912 ostii
702 1836 849 1937 privatae
862 1835 990 1912 domus.

461 2146 467 2154 1
546 2047 783 2146 (aalma)

224 2229 356 2304 Ibidem
374 2228 436 2304 alia
458 2229 633 2330 inscriptio
657 2231 693 2302 in
717 2246 851 2327 externo
873 2229 1017 2326 privatae
1038 2229 1156 2304 domus

178 2347 435 2454 pariete‚·quam
455 2352 562 2426 forma
589 2353 750 2453 quadrata
772 2350 969 2442 litterarum,
988 2352 1156 2451 sculptura

178 2477 271 2553 rudis
278 2531 288 2567 ,
307 2458 340 2550 et
360 2475 453 2549 color
476 2474 597 2576 lapidis
619 2470 919 2549 intercurrentibus
943 2475 1035 2549 venis
1052 2477 1157 2550 varie-

180 2618 276 2697 gatus
291 2598 378 2681 lectu
391 2597 619 2671 difficillimam
635 2595 790 2671 reddunt.
805 2581 813 2589 ³
872 2596 875 2603 ’
900 2589 906 2605 ’

191 2931 195 2940 ·
230 2895 332 2968 Extra
350 2891 582 2966 Dmeirhorae
597 2889 773 2966 dodrantis
791 2889 910 2966 dinero
932 2893 1159 2968 Romauomm
1252 2926 1255 2932 ·

174 3027 368 3107 vcastrorum
385 3014 542 3117 reliquias
562 3013 680 3090 detexi.
699 3017 795 3114 Quae
813 3015 988 3108 cum-sim,
1004 3035 1161 3118 utsupra

182 3154 382 3217 memoratae
401 3138 578 3228 adflatus,
604 3125 639 3212 iu
657 3136 771 3212 limine
791 3135 991 3214 incultarum
1011 3141 1163 3216 deserta-

183 3291 324 3366 rumque
339 3263 516 3360 regionum
530 3262 674 3364 positae,
693 3262 864 3339 manifeste
886 3282 1042 3366 apparet,
1061 3266 1162 3341 luisse

187 3415 224 3462 ex
237 3387 296 3463 illa
311 3388 653 3476 munimentorum‚·ae
666 3386 922 3485 praesidiorum,
932 3375 972 3460 ut
983 3387 1163 3474 indicam,
1208 3455 1211 3461 .

186 3491 290 3599 serio
308 3538 373 3610 qua
392 3511 534 3584 Romani
554 3509 673 3583 limites
691 3509 821 3610 imperii
841 3507 1005 3583 vallarunt
1019 3512 1062 3584 ad
1083 3539 1167 3610 pro·
1205 3500 1208 3506 ’

187 3631 310 3706 vincias
322 3631 478 3708 finitimas
496 3634 667 3734 tutandas,
688 3651 720 3734 et
735 3633 1165 3709 coercendasbarbarorum

187 3755 402 3830 incursiones.
696 3734 700 3741 ¹
