2656 4724
613 234 721 318 (45)

169 369 261 442 elato
271 382 302 440 to
310 365 432 466 pibirni,
450 383 582 438 centum
596 384 769 466 portarum
783 380 987 466 nuncupato.
995 368 1097 445 Infixa
1108 389 1165 455 est,

173 490 211 560 iu
227 517 322 562 muro
339 493 434 582 juxta
452 487 596 575 ostium,
615 515 676 586 per
693 485 784 585 quod
802 493 952 588 amajom
941 488 1131 590 templo
1104 521 1156 566 ac-

172 639 286 687 cessus
302 627 396 710 patet
414 609 516 683 ad
473 637 600 683 minus.
602 612 636 684 S.
657 602 795 684 Nicolao
813 611 973 735 dicatum.¹

545 806 704 902 (XLIII,
725 809 777 902 2.)

221 981 262 1052 ln
279 975 485 1059 sacello'Aio
508 977 648 1067 Lefteri,
670 977 762 1079 quod
785 979 903 1076 exiguo
924 979 1097 1056 intervallo
1114 983 1156 1054 ab

173 1101 248 1202 ipso
267 1097 484 1199 Catapoliaui
504 1099 630 1199 templo
648 1099 752 1174 abest.

551 1299 782 1392 (xenia.)

220 1466 383 1542 Sacellum
396 1470 431 1544 S.
447 1469 543 1543 Erini
557 1446 726 1542 momento
743 1469 901 1569 temporis
914 1499 934 1542 a
947 1471 1156 1570 praecedenti

171 1591 353 1690 sejunctum
371 1590 460 1666 hanc
484 1593 686 1694 epigraphen
712 1591 814 1666 habet
837 1590 1000 1692 sculptam
1023 1594 1059 1666 in
1082 1594 1158 1668 ostii

170 1712 299 1806 limine,
312 1715 403 1817 quod
417 1714 498 1790 olim
512 1744 636 1790 corona
654 1716 718 1795 fuit
737 1720 753 1811 (
760 1716 961 1817 gocciolarolb
974 1715 999 1788 d
1007 1715 1075 1791 'uua
1092 1745 1160 1792 cor-

169 1839 243 1912 nice.
254 1839 270 1930 )

549 1932 703 2031 (xcii,
727 1937 777 2032 1.)

220 2123 261 2193 lu
271 2118 438 2194 aediculae
453 2148 549 2193 muro
568 2121 670 2193 serme
689 2120 818 2194 dirutae
831 2119 1025 2195 Dioklesias
1041 2122 1160 2222 app'el-

170 2241 271 2334 latae,
285 2261 397 2317 octava
407 2241 509 2315 horae
519 2261 615 2342 parte
627 2241 823 2330 aParechia,
837 2243 878 2314 ad
888 2260 1037 2316 austrum
1050 2264 1155 2318 exstat

168 2359 345 2467 inscriptio
364 2362 512 2452 inversa,
536 2362 624 2437 lectu
647 2363 806 2457 difficilis,
827 2364 962 2465 pulcro,
982 2365 1159 2468 lucidoque

170 2512 335 2560 marmore
349 2485 470 2575 incisa,
491 2504 592 2587 atque
607 2515 708 2588 parva
724 2517 815 2588 syma
830 2478 1070 2564 circumcincta.

477 2672 632 2770 (XLIV,
652 2697 692 2759 2,
712 2675 855 2768 xcv.)

222 2861 288 2933 Per
306 2857 452 2932 eamdem
469 2857 555 2929 viam
571 2857 613 2929 ad
631 2873 779 2930 austrum
797 2857 832 2930 in
849 2857 949 2951 colle,
969 2863 1020 2934 cui
1038 2891 1160 2938 nomen

172 2980 297 3066 Stoma,
311 2981 413 3053 horae
424 2979 607 3079 quadrante
617 2980 660 3052 ab
673 2979 810 3081 oppido,
818 2982 923 3056 multo
933 3001 1042 3058 autem
1052 2987 1160 3062 minus

172 3135 193 3180 a
209 3106 339 3194 littore,
352 3104 414 3178 sub
428 3103 525 3186 finem
537 3103 616 3176 anui
633 3122 824 3194 mccxx,
843 3119 971 3181 erutum
985 3109 1049 3183 fuit
1066 3130 1160 3186 vetus
1207 3193 1211 3199 x

173 3256 394 3302 marmoreum
411 3245 662 3301 mouumentum
680 3257 742 3336 serru
754 3229 1029 3328 inscriptionibus
1052 3231 1160 3306 r'efer-

176 3371 256 3426 tum.
270 3355 346 3426 Jam
356 3353 391 3425 in
403 3369 497 3452 parte
507 3353 665 3439 fractum,
676 3369 776 3450 atque
787 3353 1027 3426 comminutum
1040 3356 1158 3446 fuerat,

177 3504 253 3549 cum
266 3504 328 3572 ego
348 3474 507 3574 exscripsi
530 3502 642 3549 mense
658 3473 777 3548 martio
802 3475 880 3547 anni
901 3493 1106 3566 MDCCCxxt,
1122 3498 1159 3552 ut

178 3599 288 3674 videre
298 3597 715 3694 estinadjectoschemate,
731 3596 976 3699 euquolapidis
986 3598 1102 3691 forma,
1112 3619 1161 3679 at·

182 3752 246 3823 que
261 3723 519 3826 inscriptionum
534 3719 668 3795 collatio
677 3720 771 3795 facile
779 3722 1013 3822 percipientur.

926 3897 930 3908 ι
