2656 4724
614 331 690 406 (ω
711 331 724 405 )

181 478 271 547 tuor,
289 455 340 534 vel
358 459 507 560 quinque
529 456 752 531 succedebant
776 457 902 537 litterae
924 467 1013 532 nunc
1027 463 1158 560 penitus

181 607 344 655 corrosae.
364 582 451 654 Cum
467 597 577 654 aulem
590 581 626 655 in
643 581 737 656 nullo
749 579 943 681 Aegypliaci
962 582 1084 656 mensis
1098 611 1158 656 no-

181 705 269 778 mine
283 721 443 807 ‘occurrat
456 702 569 779 littera
584 705 631 793 T,
650 702 715 779 nisi
735 703 771 778 in
789 730 901 778 mense
918 714 1027 780 ΤΥΒΙ
1043 719 1063 791 ‚⁴
1081 715 1158 781 cen-

181 826 322 902 sendum
339 843 390 900 est
402 825 438 899 in
451 821 511 900 illo
529 826 639 927 spatio
653 844 811 927 corrupto
825 825 971 927 sculptas
988 828 1089 903 fuisse
1104 828 1157 902 lit-

181 969 269 1029 teras
282 960 378 1038 ΥΒΙ,
390 977 427 1022 ae
441 949 505 1024 diei
518 978 702 1025 numerum.
715 951 842 1024 Mensis
854 959 964 1026 ΤΥΒΙ
977 952 1157 1049 respondet

180 1073 407 1146 Romanorum
418 1073 615 1161 Decembri,
631 1090 731 1175 atque
743 1074 904 1149 Jannario
918 1103 937 1154 :¹
948 1073 1011 1147 hac
1026 1075 1158 1151 ratione

179 1194 301 1274 servari
316 1212 428 1295 potest
441 1223 548 1271 annns
563 1204 630 1284 ΙΔ,
645 1225 706 1271 seu
719 1197 866 1271 decimus
881 1215 1020 1298 quartus
1034 1199 1068 1272 in
1088 1228 1155 1299 qun
1199 1202 1201 1206 ⁴

179 1317 410 1406 Hamilmnus‚
423 1337 454 1393 et
462 1319 601 1394 schedae
608 1349 699 1394 meae
707 1322 749 1396 ad
757 1321 916 1396 annuerim
925 1322 1140 1397 consentiunt
1147 1351 1155 1414 3

176 1468 213 1514 ac
226 1441 357 1519 demum
367 1461 481 1544 aperte
496 1442 663 1542 colligitur
672 1443 774 1540 hujus
788 1443 959 1519 columnae
973 1445 1153 1543 dedicatio-

176 1593 252 1639 nem
275 1565 394 1640 factam
418 1567 527 1641 lirisse'
545 1575 624 1668 p'osc
646 1565 773 1642 bellum
799 1567 982 1668 persicum,
1007 1568 1154 1644 sedante

177 1686 357 1764 Alexandri
371 1689 485 1793 Seyeri
506 1690 643 1764 obitum.
767 1752 772 1766 a

549 1884 813 1983 (Xlllll,1)¹
895 1977 897 1983 ¹
985 1969 987 1973 .

222 2068 263 2140 In
280 2023 525 2168 Apollonopoli
541 2094 657 2169 parva,
676 2066 776 2140 hodie
790 2068 877 2155 Cus,
900 2084 1007 2143 exstat
1023 2095 1151 2168 propy·
1276 2023 1279 2028 ·

175 2188 283 2264 laeum
298 2217 374 2264 cum
389 2190 614 2286 vulgatissima
636 2191 875 2291 inscriptione,
900 2219 1000 2291 quem
1026 2188 1150 2265 Paulus

176 2314 297 2404 Lucas,
310 2313 513 2404 Poetelius,
528 2314 717 2402 Denonius,
731 2312 928 2401 Jomardus,
941 2311 1064 2386 Jollois
1079 2341 1153 2387 cum

173 2433 371 2523 Devilliers,
393 2452 493 2535 atque
521 2435 748 2510 Hamilconius
774 2437 1037 2536 exscripserunt3
1060 2438 1150 2510 Bou·
1244 2439 1248 2442 ⁴

171 2558 295 2646 hierus,
304 2559 524 2652 Hagenbnch,
534 2563 657 2654 zoega,
670 2559 934 2661 Parquoi(apud
944 2560 1151 2658 Dcnoninm)

168 2683 289 2757 fnestra
303 2682 457 2784 supplere
472 2700 504 2756 et
516 2681 724 2781 interpretari
738 2699 818 2754 sunt
829 2684 938 2756 conati
948 2710 957 2773 ;
967 2709 1004 2755 ac
1015 2682 1148 2756 demum

175 2805 228 2879 Cl.
245 2807 446 2880 Letronnius
459 2803 685 2903 (Rccderclen
705 2819 777 2891 etc„
790 2831 865 2903 pag.
876 2801 922 2903 95
935 2802 1079 2903 etseq),
1096 2831 1150 2875 ex-

174 2913 297 3026 quisita
310 2928 458 3001 doctrina
477 2926 666 3002 illustravit.
686 2929 758 3021 Ego
777 2954 854 3000 vero
871 2926 1034 3013 Denonii,
1050 2941 1149 3025 atque

174 3048 359 3122 Hamiltoni
384 3050 531 3151 exempla
556 3080 631 3124 cum
657 3065 872 3122 monumento
901 3048 976 3146 ipso
1002 3033 1148 3132 contuli,

172 3171 385 3272 ejusdemque
402 3172 585 3246 Hamiltoni
605 3233 612 3260 ‚
640 3192 738 3274 atque
755 3171 904 3272 Parquoi
922 3170 1149 3271 supplementa

172 3321 246 3364 cum
264 3284 438 3369 fractarum
458 3295 641 3369 litterarum
660 3294 807 3389 vestigiis
823 3294 1000 3390 diligenter
1017 3320 1150 3391 compa-

172 3414 257 3501 ravi3
276 3435 478 3516 quapropter
493 3417 767 3518 emendatiorem,
786 3415 835 3490 vel
854 3418 883 3490 si
902 3417 1006 3490 ausim
1025 3418 1147 3520 dicere,

172 3538 466 3614 emendalissimam
485 3540 642 3639 praebere
660 3539 821 3614 conlido

217 3663 343 3736 Versus
357 3663 484 3763 primus
497 3664 597 3739 habet
607 3674 822 3742 ΜΕΓΑΛΟΙ
833 3661 876 3735 ab
890 3658 1085 3733 Hamiltono
1095 3687 1147 3729 ne·

167 3781 322 3878 gleclum.
444 3773 461 3807 ⁸
