2656 4724
608 246 681 329 (35
704 251 717 327 )
1083 248 1088 280 ⁸

167 379 342 459 iuramus
357 406 424 454 una
441 378 493 454 rel
512 375 898 485 dirsevliiterae'desunn
919 375 955 452 in
972 380 1153 478 posteriori

169 523 329 607 quatuor,
346 502 406 578 reli
417 503 576 603 quinque.

548 785 551 794 .
573 687 713 785 (XXX,
737 685 789 783 1.)

220 870 273 944 Ad
288 870 427 943 Staures
439 895 577 968 parvum
590 880 715 968 pagum'
728 866 872 942 Chitreae
888 867 1078 967 proximum
1088 869 1154 944 hoc

169 985 391 1089 fragmentum
405 989 779 1090 festinanterexscripsi.
795 990 889 1064 Jacet
905 989 940 1064 in
956 993 1155 1066 coemeterio

170 1145 279 1219 prope
294 1143 447 1214 graecum
462 1115 618 1190 sacellum
635 1114 844 1206 semirutum,
862 1121 953 1210 j'uxta
970 1115 1055 1190 viam
1072 1147 1157 1218 quae

172 1242 402 1338 famagustam
419 1238 522 1314 ducit.
572 1235 574 1240 ⁴
1048 1232 1052 1235 ⁵

507 1369 510 1383 ·
555 1374 696 1472 (xxx,
718 1376 775 1466 2.)

221 1564 436 1656 Famagustae
447 1559 482 1631 in
495 1557 607 1654 fronte
616 1557 767 1632 interiori
777 1562 912 1657 portae,
924 1585 1008 1658 quae
1021 1558 1162 1633 adurere

175 1683 280 1773 ducit,
300 1681 362 1788 spb
378 1681 528 1754 inferiori
547 1680 680 1759 cardine
695 1675 818 1759 sotium
834 1709 852 1753 a
867 1681 999 1755 sinistra
1013 1701 1107 1783 parte
1122 1696 1160 1758 ex

175 1804 302 1906 oppido
311 1804 519 1902 egredientis.
530 1803 674 1876 Litterae
681 1830 813 1902 parvae,
824 1830 861 1875 ac
872 1801 998 1893 leviter,
1011 1807 1069 1880 sed
1077 1807 1161 1880 bene

175 1915 335 2030 sculptie.
355 1930 481 2000 Versus
499 1925 628 2026 primus
647 1925 781 2000 duobus
799 1923 882 2000 iocis
900 1947 1078 2029 corruptus
1100 1932 1160 2005 :in

162 2053 286 2148 'priore
304 2069 451 2152 quatuor
463 2048 743 2137 litterae-desunt,
762 2049 798 2127 in
814 2051 1000 2150 posteriore
1018 2051 1161 2128 fortasse

174 2206 240 2253 una
261 2193 402 2250 tantum.

185 2367 188 2378 .
223 2303 323 2376 Hunc
344 2297 478 2405 titulum
493 2295 668 2396 exscripsit
679 2293 864 2369 P'ocockius
882 2297 984 2396 (pag.
997 2302 1082 2393 42),
1104 2299 1162 2374 sed

174 2424 277 2526 paulo
294 2421 390 2498 aliter
406 2422 497 2520 legit.

561 2513 780 2629 (xxx‚.s.)
827 2587 829 2589 .
915 2639 918 2648 Ι

223 2718 438 2817 Famagustae
456 2715 520 2789 sub
538 2713 692 2787 altiorem
715 2709 881 2786 cardinem
906 2693 1090 2799 earundem¹
1108 2715 1163 2788 so·
1235 2781 1236 2784 ,

176 2839 262 2930 rium
279 2837 322 2910 ad
336 2837 507 2924 dextrum,
523 2853 657 2909 manent
675 2836 785 2909 adhue
804 2834 1070 2937 vestigia·quinti
1087 2865 1161 2911 ver-

177 2988 251 3051 sus,
269 2960 304 3032 in
322 2989 389 3060 quo
406 2957 535 3032 numeri
551 2949 636 3032 not!
649 2958 835 3060 dispicitur.

226 3083 409 3156 Pocockius
426 3083 536 3156 minus
554 3081 724 3156 emendate
741 3080 863 3157 retulit.

557 3282 714 3378 (XXXI,
739 3282 792 3380 1·)

227 3467 354 3539 Novem
370 3465 609 3566 subsequentes
624 3466 863 3568 inscriptiones
877 3483 948 3539 non
964 3493 1003 3539 er
1017 3466 1104 3567 ipsis
1121 3465 1170 3539 la-

179 3587 331 3689 pidibus,
348 3606 388 3663 ut
412 3606 556 3681 ceterae,
572 3591 630 3667 sed
643 3620 683 3667 ex
700 3589 821 3669 alieni·
833 3586 1040 3690 apographis
1055 3605 1170 3686 ⁴trans·

181 3716 282 3818 cripsi
299 3718 480 3791 lernaeae.
1218 3700 1220 3707 ,
