2656 4724
678 366 822 450 (sot

287 495 1215 599 Castraipsaquadratasorrnaducentossexagintagres·

237 650 293 695 sus
310 639 443 723 patent,
456 639 488 695 et
502 639 646 721 quatuor
661 625 776 720 portas
788 621 925 698 habent.
941 623 1215 726 Unumquodque

236 744 323 819 latus
345 774 402 820 sex
418 745 566 819 turribus
580 745 755 818 munitumss
776 745 911 819 Moenia
930 746 1092 846 quadrato
1108 745 1218 848 lapide

177 939 180 945 .
236 887 401 943 exstructa
423 887 606 943 castrorum
625 860 788 945 ambitum
808 868 956 970 undique
974 871 1123 967 cingunt.
1146 875 1216 946 Ex-

216 1077 218 1082 ,
237 992 339 1065 terius
355 989 565 1090 sarcophagi,
578 991 669 1066 intus
679 1011 793 1066 ¹autern
804 992 943 1087 vestigia
958 1013 1137 1093 supersunt
1152 996 1218 1067 via-

237 1144 327 1206 rum,
345 1144 384 1188 ac
401 1113 563 1216 permulta
582 1115 725 1206 rudera,
748 1143 790 1190 ex
817 1115 939 1216 quibus
955 1115 1023 1188 duo
1047 1116 1216 1205 aedilicia,

131 1324 133 1328 ¹
226 1223 392 1312 eminent.
408 1237 601 1332 Elegantius
618 1240 740 1310 corona
748 1290 762 1324 ,Α
777 1235 913 1326 loculis,
931 1237 1069 1310 motulis
1083 1220 1220 1312 exorna-

146 1461 148 1466 ,
237 1380 307 1435 turn
321 1361 362 1434 ad
377 1347 627 1434 meridionalem
640 1379 772 1458 portam
783 1355 953 1456 adsurgit,
972 1361 1030 1433 sed
1045 1362 1218 1462 epigraphi

238 1501 333 1558 caret.
345 1477 496 1558 Alterum
507 1483 659 1565 orientali
669 1501 773 1584 portae
782 1478 1088 1583 proximumlorma
1102 1484 1219 1558 oblon-

134 1621 136 1624 ’
238 1635 278 1702 ga
293 1607 402 1680 tribus
418 1607 563 1680 arcubus
577 1635 616 1680 ex
628 1624 772 1707 utroque
788 1605 891 1678 latere
906 1624 1049 1679 constat.
1065 1607 1220 1679 Nonnul-

237 1725 285 1800 las
304 1727 351 1800 ibi
369 1727 603 1828 inscriptiones
616 1729 699 1818 vidi,
717 1716 861 1829 quarum
879 1757 979 1801 unam
997 1728 1125 1804 excelso
1141 1728 1217 1803 loco

237 1851 333 1924 sitam
348 1851 510 1953 dispicere
524 1879 597 1926 non
611 1852 721 1952 potui,
734 1851 833 1934 aliam
847 1853 1216 1954 graecamtranscripsi3

238 1977 296 2048 sed
313 1976 359 2052 ita
375 1975 539 2066 mutilam,
558 1995 596 2049 ut
612 1965 686 2050 luce
706 1974 807 2070 digna
824 2005 893 2051 non
914 1976 968 2050 sit.
986 1977 1078 2049 Duas
1098 1975 1217 2051 latinas

197 2117 200 2122 ·
237 2096 292 2170 hic
309 2098 458 2170 referam.
1076 2110 1077 2115 ’

649 2171 841 2379 <uit-

287 2466 394 2574 Prinna
408 2481 494 2573 jacet
508 2476 596 2550 inter
609 2475 757 2578 lapidum
775 2477 963 2574 congeriem
977 2507 1048 2568 non
1061 2477 1159 2574 longe
1173 2478 1216 2552 ab

238 2585 407 2676 elevationi
424 2580 530 2673 nauro.
551 2599 695 2696 Egregie
720 2601 784 2676 fuit
806 2573 979 2694 ineisaJac
1003 2602 1103 2706 ruber
1123 2601 1219 2677 color

236 2727 345 2801 adbuc
354 2725 477 2798 incarn
486 2722 826 2826 litterarumapparetr
839 2728 964 2799 Earum
973 2706 1114 2806 altitudo
1125 2728 1218 2827 quin-

186 2921 187 2924 ,
238 2878 302 2950 que
314 2848 525 2924 centimetros
539 2847 676 2921 excedit.
694 2850 783 2924 Sunt
798 2865 907 2922 autem
921 2848 1096 2944 oblongae,
1112 2878 1150 2922 ac
1165 2849 1216 2920 ni·

129 2999 131 3003 ·
237 2973 300 3045 mis
317 2998 429 3072 presse
445 2949 611 3071 sculptai,
626 2970 768 3046 fortasse
786 3001 824 3046 eo
847 2972 938 3073 quod
962 2972 1075 3045 tabula
1091 2971 1157 3045 lata
1172 2973 1216 3045 sit

174 3196 175 3199 Ἴ
237 3110 366 3166 tantum
376 3094 694 3200 quinquagintaytres
705 3097 926 3188 centimetros.
938 3099 1020 3190 Ejus
1031 3086 1216 3169 crassitudo

147 3304 148 3307 Ἴ
214 3200 216 3205 Ι
237 3215 444 3315 septuaginta
469 3202 617 3317 quinque
639 3194 925 3303 centimetrorum}
950 3216 1096 3292 altitudo
1117 3218 1217 3298 unius

236 3336 333 3411 metri
360 3365 434 3410 cum
454 3337 622 3435 sexaginta
645 3342 865 3428 centimetris‚
885 3369 1027 3441 quorum
1051 3340 1218 3441 quinqua-

238 3464 328 3557 ginta
347 3461 520 3535 inferiores
536 3462 664 3564 absque
682 3462 811 3536 litteris.
853 3528 855 3534 .

265 3631 267 3636 ·
285 3587 363 3686 Ipsa
378 3604 489 3660 autern
507 3585 619 3660 tabula
642 3585 813 3685 paululum
835 3603 885 3660 est
908 3588 944 3660 in
960 3588 1061 3683 anglo
1079 3587 1216 3660 commi-

237 3727 333 3797 nuta,
352 3709 496 3808 ideoque
514 3708 602 3782 forte
624 3706 751 3809 aliquid
771 3709 864 3783 deest
887 3734 1025 3784 numero
1051 3702 1215 3783 annorum

237 3832 431 3906 tribuniciae
442 3831 628 3931 potestatis
639 3860 677 3906 ac
691 3833 971 3933 subsequentibus
982 3831 1141 3908 versibus.
1155 3835 1216 3907 Lu·
