2656 4724
175 271 195 349 tj
553 283 784 333 ontnrauro.

175 449 378 522 destruuntur,
397 446 431 508 ab
445 447 590 513 oblivione
601 471 685 532 quam
699 450 817 512 maxime
826 451 980 517 vindicare.
994 456 1068 517 Nam
1083 456 1158 519 sicut

175 580 297 642 omnino
315 580 459 662 deperdita
470 593 537 642 sunt
546 581 829 663 plurimaaSpouio,
846 584 1026 660 Clraudlero,
1039 588 1157 670 aliisque

174 711 288 789 prodita
308 724 513 787 monumenta,
535 733 598 773 non
620 714 750 774 dissimili
769 716 879 777 ratione
901 717 1044 800 conjicere
1066 719 1154 794 licet,

176 865 315 905 marmora
334 865 348 903 a
369 865 415 904 me
439 834 578 922 descripta
597 842 660 906 lore
680 857 713 906 ut
731 844 840 928 posteri
862 847 1067 930 necquicquam
1084 869 1155 926 per-

174 974 306 1055 quinne

215 1120 294 1181 Haec
308 1141 492 1203 praemonere
514 1120 685 1198 oportebat,
708 1144 746 1185 ne
766 1123 837 1185 vitio
858 1123 929 1187 mihi
946 1137 1104 1191 verteretur
1124 1126 1155 1186 in

174 1251 281 1333 graecis
294 1251 497 1334 litteris'atque
515 1251 729 1334 antiquitatibus
745 1255 823 1315 haud
833 1237 964 1331 versato,
982 1267 1155 1319 vetustarum

173 1378 394 1462 inscriptionum
411 1380 547 1444 volumen
562 1382 700 1444 emittere.
716 1381 858 1443 Nimirum
872 1405 933 1443 non
949 1396 993 1445 est
1011 1385 1069 1446 hoc
1083 1407 1155 1444 eru·
1177 1446 1178 1450 ,

174 1508 225 1568 diti
243 1510 385 1587 hominis,
404 1511 453 1572 sed
473 1511 680 1594 peregrinantis
697 1533 780 1589 opus.
796 1511 870 1570 Sane
883 1511 991 1587 fateor,
1011 1513 1059 1573 diu
1073 1513 1155 1574 anci-

173 1637 261 1720 pitem
274 1639 413 1715 haesisse,
429 1662 465 1700 an
485 1661 530 1701 eas
549 1641 580 1699 in
593 1639 687 1699 lucem
701 1626 873 1720 proferrem,
886 1662 994 1714 ueene;
1007 1651 1036 1702 et
1049 1643 1105 1724 jam
1119 1634 1155 1704 de

174 1769 230 1828 illis
242 1770 358 1832 edendis
364 1771 515 1833 consilium
524 1769 612 1832 ferme
623 1770 788 1852 abjeceram,
796 1792 885 1853 quum
893 1770 940 1831 Cl.
947 1770 1099 1833 Letronnii
1106 1775 1155 1850 (1)

173 1901 370 1983 AEgyptiacas
390 1901 615 1986 Disquisitiones
630 1904 818 1982 pervolvens,
837 1901 918 1964 loeus
934 1901 983 1961 ille
997 1890 1157 1976 succurrit,

174 2030 224 2091 ubi
238 2033 360 2112 graviter
377 2033 562 2112 conqueritur
583 2032 720 2092 incuriam
734 2031 1003 2115 peregrinatorum,
1019 2031 1068 2113 qui
1085 2051 1154 2092 rno-

175 2173 311 2223 numenta
323 2185 358 2223 ex
366 2162 473 2236 itinere
485 2161 565 2222 allata
579 2162 783 2237 recondentes,
796 2161 924 2223 subsidio
936 2163 1063 2224 eruditos
1079 2160 1154 2220 lrus-
1220 2197 1222 2202 ·

172 2306 295 2370 trantur,
303 2308 387 2377 atque
395 2290 551 2372 priscarum
560 2316 654 2356 rerum
662 2294 780 2354 notitiae
792 2293 1003 2374 quodammodo
1014 2290 1154 2353 officiunt.

173 2428 252 2488 Haec
263 2429 346 2491 verba
357 2429 396 2488 ita
410 2449 455 2489 me
468 2396 703 2501 commoverunt,
715 2437 748 2486 ut
759 2425 839 2514 omni
850 2423 1026 2486 dubitatione
1036 2423 1151 2504 rejecta,

173 2557 232 2620 mea
248 2561 360 2620 taudem
375 2560 489 2644 vulgare
503 2557 660 2646 statuerim.
708 2604 710 2608 ,

158 2763 163 2784 Ι
211 2707 299 2766 Nunc
315 2706 408 2784 operis
425 2706 565 2766 rationem
580 2705 675 2783 paucis
691 2704 850 2782 expediam·

214 2850 421 2927 inscriptiones
437 2848 580 2932 sigillatim
600 2848 704 2929 digessi
721 2868 772 2924 per
785 2842 1069 2928 varias'reg'iones'eo
1088 2844 1152 2925 ipso

174 2979 295 3054 ordine,
310 3001 369 3060 quo
386 2979 547 3064 peragravi,
564 2997 665 3055 nempe
679 2996 755 3033 anno
770 2987 950 3048 nncccxtx',
968 2973 1150 3047 Sarmatiam,

174 3107 347 3190 Bithyniam,
356 3107 511 3181 Troadem,
521 3107 709 3186 Pergamum
720 3126 796 3165 anno
805 3119 952 3164 nncccxx
960 3105 1152 3186 Aligyptum,

204 3559 243 3623 (ι)
262 3556 414 3615 Reclrercbes
421 3577 489 3626 pour
497 3560 604 3628 servird
615 3559 625 3606 l
631 3554 757 3606 'Histoire
766 3555 797 3605 de
808 3556 819 3604 l
824 3536 933 3624 'ligypte
941 3553 1060 3622 pendant
1069 3553 1097 3600 ia
1108 3552 1152 3601 do-

174 3663 302 3711 mination
312 3663 357 3711 des
372 3659 449 3712 Grecs
460 3671 485 3711 et
497 3661 541 3711 des
553 3661 698 3722 Romuins,
714 3659 788 3710 tiries
801 3659 846 3709 des
857 3659 1020 3726 inscriptions
1029 3674 1151 3725 greeques

174 3775 199 3816 et
210 3767 305 3816 latines
316 3804 323 3830 ,
336 3774 390 3830 eto,
404 3783 447 3834 par
459 3765 495 3815 Μ.
507 3765 640 3814 Letronne.
654 3761 739 3823 Paris,
757 3761 831 3826 1823,
844 3760 998 3823 Introduct,
1011 3776 1067 3830 pag.
1079 3753 1152 3822 xxxii.
