2656 4724
166 291 196 350 ir
545 303 767 352 rnaurnrro.

167 469 377 553 asermfigu
391 469 525 532 amam
538 471 885 547 animadverterem-avi,
897 486 980 556 atque
995 475 1150 538 Mormu

168 603 283 680 potius,
295 623 378 684 quam
388 600 424 660 ad
434 599 583 661 arbitrium
593 600 727 683 castigata
736 601 863 683 exempla
873 601 1005 665 emittere
1022 604 1152 686 praetuli.

167 735 268 815 ltaque
279 733 385 794 litteras
398 731 497 793 dubias
510 733 672 796 minusculo
686 735 847 796 ebanctere
861 755 997 813 persaepe
1009 735 1151 814 expressi;

170 866 312 948 suppletas
327 885 437 944 semper
454 865 529 926 inter
542 866 725 944 pareutbeses
739 866 879 927 conclusi.

210 1007 353 1070 Omnibus
368 1020 462 1070 autem
479 1007 570 1069 titulis
588 1021 715 1070 accurata
728 1008 788 1070 loci
804 1008 960 1088 descriptio
975 1011 1155 1095 praefigitur,

170 1151 204 1200 ut
214 1137 240 1200 si
258 1137 359 1220 aiiqms
373 1137 507 1216 deinceps
530 1137 727 1220 peregrinator
740 1160 952 1222 recognoscere
967 1140 1053 1213 velit,
1071 1139 1156 1199 dum·

170 1267 260 1329 modo
270 1267 432 1350 supersint,
449 1269 505 1328 cito
519 1280 549 1329 et
559 1269 641 1330 facile
655 1267 928 1346 possieflodieruis
944 1268 1013 1329 item
1028 1267 1156 1346 oppido-

169 1423 235 1462 rum
248 1398 413 1461 nominibus
425 1412 520 1460 vetera
530 1399 655 1482 adjunxi.
670 1399 843 1460 Litterarum
856 1398 974 1480 iusuper
987 1421 1020 1459 ae
1034 1400 1157 1477 lapidum

170 1531 292 1594 formam
301 1545 502 1608 ,ornamenta
516 1552 662 1594 mensuras
671 1531 707 1591 ad
715 1531 795 1610 pedis
806 1529 932 1614 anglici,
944 1544 994 1591 aut
1003 1532 1087 1592 metri
1096 1535 1159 1614 gat-

172 1665 221 1726 lici
232 1685 362 1727 normam
373 1664 525 1749 diligenter
536 1662 670 1727 iudicari·
682 1663 759 1724 Cum
769 1659 839 1726 vero
849 1660 1052 1723 mentiofieret
1062 1662 1160 1726 'deto-

43 1815 47 1824 ·
172 1792 229 1869 eis,
247 1807 277 1857 et
289 1795 490 1879 antiquitatus
504 1793 905 1878 vestigiisparum‘coguitis,
918 1794 965 1857 v'ei
975 1793 1094 1856 omniuo
1105 1794 1160 1856 de-

170 1925 387 2004 litescentibus,
398 1949 495 1989 aarum
508 1926 640 1998 notitiam
653 1925 773 2006 aliquam
786 1925 896 1986 tradem
907 1925 942 1986 ab
951 1924 1086 1988 instituto
1097 1948 1159 1988 uou

172 2057 311 2121 absonum
321 2079 379 2132 ,ac
394 2057 494 2118 lectori
510 2077 573 2116 uon
590 2056 736 2138 ingratum
750 2055 879 2116 futurum
893 2056 1058 2122 existimavi.
1069 2059 1160 2133 Quod

172 2191 209 2251 de
219 2188 341 2274 Syriacis
349 2186 501 2268 praecipue
511 2185 619 2247 dictum
628 2185 708 2251 volo.
714 2185 876 2248 Nonnullas
884 2186 967 2248 etiam
975 2186 1065 2270 adjeci
1072 2187 1161 2248 chro-

172 2320 341 2404 uologicas‚
364 2331 450 2402 atque
470 2317 672 2402 geographicas
694 2316 912 2392 adnotationes3
935 2341 1000 2381 raro
1019 2331 1115 2380 tamen
1131 2331 1161 2382 et

172 2472 365 2533 parce,·quum
374 2448 448 2510 nibil
458 2446 603 2529 antiquius
614 2446 774 2520 habuerim,
782 2468 866 2529 quam
877 2448 981 2508 eruditi
992 2460 1087 2530 partes
1098 2469 1159 2509 om·

174 2583 245 2644 uiuo
266 2581 444 2652 detrectares
455 2577 575 2639 cruditis
594 2576 861 2655 vero-itiusmodi,
881 2580 1068 2657 emendandi,
1088 2602 1161 2661 sup-

173 2711 272 2792 plendi
286 2757 295 2788 ,
311 2708 478 2774 enucleaudi
491 2710 640 2772 materiam
652 2709 841 2790 suppeditare.

212 3024 338 3096 Augustae
352 3021 540 3086 Taurinorum,
553 3021 612 3074 Kal.
625 3021 700 3074 Febr.
713 3036 880 3075 ntocccxxrv.
