2656 4724
675 325 763 408 (6)

197 456 202 468 ’
222 461 490 560 inscriptionem
502 486 541 531 ac
551 457 715 554 subjectas
728 489 860 557 graecas
872 460 998 537 litteras
1008 466 1140 564 penitus
1150 467 1207 543 de·

222 583 318 673 levit,
341 580 432 695 qdod
446 599 478 655 et
489 581 524 654 in
538 581 689 683 exemplo
708 577 873 659 delineare
889 587 1207 663 curaviNihilomi-

222 705 482 791 nusdoctusvir,
494 732 607 800 graeca
619 732 694 778 cum
704 704 817 780 latinis
827 709 1205 806 comparans,integram

223 831 482 930 inscriptionem
491 827 630 903 feliciter
646 810 800 902 restituit.
1159 921 1160 925 Ἰ

268 957 360 1028 Nero
374 951 492 1026 consul
508 951 571 1026 fuit
588 970 647 1040 111,
666 980 755 1025 anno
770 952 896 1026 Christi
914 973 1018 1045 LVlll's
1035 973 1067 1028 et
1078 973 1141 1031 cos
1153 977 1203 1045 IV,

157 1117 158 1120 ¹
179 1164 181 1167 ¹
220 1104 309 1151 anno
328 1097 383 1149 Lx.
401 1078 454 1150 Eo
470 1074 573 1169 igitur
591 1075 750 1177 temporis
769 1076 879 1176 spatio
893 1075 960 1152 hoc
979 1105 1064 1176 opus
1081 1078 1204 1152 factum

97 1179 100 1183 Ι
221 1201 366 1286 videtur,
385 1198 511 1272 seilicet
525 1226 614 1271 anno
633 1217 736 1288 Lvltt,
752 1199 805 1272 vel
820 1219 894 1292 dlx.
1041 1183 1045 1186 .

269 1324 418 1424 Sponius
428 1323 464 1395 in
477 1323 688 1396 miscellaneis
703 1323 839 1398 eruditae
852 1327 1039 1424 antiquitatis
1052 1327 1106 1429 (p.
1116 1330 1204 1428 267)

219 1447 471 1547 inscriptionem
486 1445 588 1520 refert
610 1447 646 1518 in
663 1475 751 1546 pago
770 1449 852 1520 Luc.
880 1446 955 1522 foro
973 1450 995 1521 J
998 1447 1135 1524 uliensis
1152 1478 1221 1553 req

219 1575 362 1671 portam,
374 1569 410 1641 in
423 1596 488 1670 qua
499 1569 644 1644 Neronis
660 1568 748 1642 tituli
763 1598 837 1644 cum
851 1571 914 1643 hae
930 1571 1113 1672 epigraphe
1125 1603 1204 1648 eon·

165 1714 169 1722 ·
220 1693 383 1782 sentiunt,
398 1709 535 1792 excepto
551 1691 642 1790 quod
655 1691 709 1763 hic
721 1693 910 1793 appellatur
922 1713 1001 1767 IMP.
1012 1700 1052 1784 V,
1066 1715 1098 1770 et
1112 1699 1202 1798 apud

221 1817 384 1916 Sponium
398 1816 577 1914 Imperator
590 1815 707 1887 riarum.

268 2063 417 2138 Obelisci
433 2091 542 2164 prope
559 2066 712 2140 Nicaeam
731 2067 866 2161 titulpm
882 2069 1005 2141 rectius
1023 2093 1122 2168 quam
1136 2065 1204 2141 Po·

158 2188 160 2202 “
221 2187 353 2260 cockius
371 2186 473 2259 edidit
493 2189 690 2261 Hammems
708 2189 744 2261 in
761 2189 878 2264 Itinere
895 2190 1091 2296 Bitlpnriico.

665 2389 758 2486 (v.)

267 2569 479 2644 Nicomediae
488 2569 523 2641 in
537 2559 588 2641 via
603 2570 689 2642 dicta
703 2569 807 2644 Ciorsi
814 2571 987 2656 Mahalesi,
1004 2574 1040 2644 in
1053 2571 1201 2645 interiori

217 2695 350 2793 porticu
366 2691 501 2789 exiguae
519 2691 640 2766 domus
658 2693 827 2792 cujusdam
843 2696 986 2782 turcae,
1007 2697 1060 2766 eui
1076 2721 1199 2767 nomen

216 2817 397 2892 Jerdeleoin
408 2813 483 2901 Eoi,
507 2844 564 2890 ara
582 2833 740 2903 venusta,
759 2824 852 2911 cujus
872 2817 980 2891 trunci
994 2815 1152 2903 latitudo,
1169 2833 1201 2889 et

218 2940 403 3012 crassitudo
420 2940 543 3036 pedum
560 2939 701 3013 duorum
719 2967 792 3011 cum
810 2940 942 3013 duobus
958 2937 1152 3038 pollicibus.

267 3061 354 3151 Tres
366 3059 525 3158 postremi
540 3086 655 3130 versus
668 3059 771 3133 humo
786 3061 997 3155 tegebantur;
1011 3088 1072 3134 nec
1084 3089 1200 3162 parum

218 3187 302 3270 aeris
319 3214 356 3258 ao
373 3183 551 3284 patientiae
567 3183 732 3283 impendi,
764 3201 803 3258 ut
834 3183 983 3280 delegere
1007 3205 1202 3285 paterentur

217 3313 360 3395 Turcae‚
380 3307 504 3407 quibus
516 3305 582 3380 alta
598 3326 707 3382 mente
725 3307 863 3381 infixum
881 3306 1053 3397 haerebat,
1071 3338 1141 3384 non
1158 3311 1200 3382 ad

218 3437 353 3513 titulum
370 3433 562 3529 legendum,
581 3433 639 3507 sed
652 3434 695 3505 ad
707 3432 899 3507 thesaurum
912 3432 1135 3508 effodiendum
1148 3461 1200 3506 me

219 3587 353 3660 operam
372 3557 530 3630 conferre.
996 3606 1018 3647 0

268 3682 522 3781 Aliusinsuper
536 3680 571 3752 in
583 3679 649 3753 fine
664 3679 813 3781 sculptus
827 3680 935 3753 fuerat
948 3707 1077 3770 versus,
1090 3698 1202 3754 tamen

145 3882 166 3925 O
216 3806 401 3906 antiquitus
418 3803 602 3901 diligenter,
621 3822 719 3904 atque
735 3794 852 3878 ievitdr
869 3784 1017 3915 abrasos.
