2656 4724
171 655 176 661 ’
247 691 264 800 j
317 661 989 794 statanrnscmrnonxs.

513 959 801 987 καιροῦ-»-

218 1151 259 1221 In
273 1176 310 1222 ea
327 1148 550 1238 Palaestinae,
567 1149 619 1223 vel
637 1150 815 1252 Decapolis
833 1158 938 1254 parte,
958 1175 1040 1249 qnae
1056 1166 1148 1221 trans

169 1275 190 1344 J
193 1271 351 1346 ordonem
364 1273 558 1363 obtenditur
568 1274 610 1348 ad
622 1275 782 1348 orientem
792 1273 967 1360 Samariae,
977 1288 1150 1372 propepa·

170 1421 232 1489 gos
243 1374 394 1490 Angelnn
411 1413 444 1468 et
457 1394 537 1484 sut,
555 1395 651 1472 loeus
668 1415 718 1471 est
735 1398 903 1488 desertus,
921 1394 1150 1495 ubiantiquae

150 1506 431 1618 magnificentiae
455 1525 540 1598 mira
554 1513 736 1624 supersunt
757 1541 987 1611 monumenta,
1012 1522 1150 1622 templa,

171 1671 277 1731 arnus,
296 1643 453 1733 thermae,
472 1645 662 1748 propylaea,
681 1645 820 1735 theatra,
841 1629 1152 1732 ¹circus,eolumnae

174 1765 281 1840 adhue
296 1767 443 1864 integrae
456 1768 534 1869 plns
548 1773 680 1842 centum
698 1768 885 1865 octoginta,
899 1785 1000 1868 atque
1014 1766 1152 1867 insuper
1199 1765 1203 1770 ¹

174 1889 253 1978 viae,
261 1887 399 1990 plateae,
412 1908 544 1991 ponteS,
553 1883 693 1979 moenia,
706 1889 871 1990 sepulcra,
885 1889 1013 1964 infinita
1027 1917 1152 1988 prope-

172 2013 439 2092 modum-rudera
454 2031 601 2090 vetustae
615 2013 720 2105 urbis,
734 2040 818 2115 quae
833 2013 936 2086 luisse
949 2013 1079 2087 videtur
1087 2012 1154 2086 Ge-

178 2149 270 2224 rasa,
289 2164 362 2209 cnm
379 2154 411 2210 et
430 2136 538 2210 adhuc
553 2137 659 2210 Arabi
674 2137 849 2236 antiquum
861 2134 929 2210 lere
946 2163 1067 2209 nomen
1079 2131 1155 2209 reti·

176 2275 300 2332 nentes·
310 2257 420 2332 locum
437 2257 535 2333 illum
550 2257 724 2361 appellent
737 2258 846 2334 Jeras.
921 2311 923 2314 >

106 2451 108 2456 ,
225 2380 510 2480 HanoDecapolis
524 2381 641 2454 urbem
656 2381 784 2483 primns
798 2382 924 2456 detexit
939 2409 1028 2456 anno
1045 2381 1155 2472 1806,
1196 2368 1201 2384 '

176 2501 316 2576 illustris
334 2520 366 2576 et
376 2501 491 2576 infelix
507 2501 692 2578 Germanus
706 2504 936 2605 peregrinator
950 2496 1155 2594 Seetzenius,

178 2629 272 2719 cujus
289 2623 399 2699 brevis
418 2642 545 2699 tantum
562 2626 708 2700 narratio
725 2627 760 2698 in
778 2625 885 2700 lucem
900 2626 1035 2727 prodiit.

225 2744 307 2820 Tria
326 2746 527 2843 fragmenta,
552 2759 584 2822 et
606 2776 706 2831 unam
728 2748 981 2850 inscriptionem
1005 2743 1156 2821 referam.

178 2871 377 2966 Fragmenta
396 2871 513 2967 grandi
532 2888 564 2945 et
587 2871 703 2970 pulcra
718 2871 826 2946 littera
843 2870 972 2971 scripta
988 2871 1097 2970 jacent
1109 2871 1160 2944 in·

181 3013 231 3086 ter
247 2995 399 3091 ingentes
416 2995 529 3069 ruinas
547 2994 731 3097 propylaei,
749 2995 838 3069 unde
854 3018 1009 3069 ascensos
1022 2994 1065 3068 ad
1079 3012 1160 3068 tem·

181 3119 275 3222 plum
291 3120 339 3204 in,
352 3119 544 3212 sublimiore
562 3121 655 3196 urbis
674 3121 750 3194 loco
776 3121 935 3222 positum
955 3119 1112 3194 Proxime
1127 3138 1161 3194 et

183 3241 273 3316 aliud
292 3243 415 3318 vidisse
437 3243 570 3318 memini
600 3243 659 3318 setl
682 3241 880 3338 neglexisse,
903 3270 942 3315 eo
967 3243 1059 3342 quod
1086 3269 1160 3314 cum

184 3366 392 3467 paucissimis
413 3397 451 3441 ac
467 3367 614 3442 diversae
634 3367 760 3442 formae
777 3382 945 3460 constaret
959 3363 1097 3453 litteris,
1116 3364 1159 3436 ad

183 3490 320 3562 eandem
335 3488 587 3588 insenptionem
599 3487 683 3562 nihil
693 3488 860 3587 pertinere
871 3489 996 3590 putavi.
1005 3491 1160 3562 fortasse

185 3630 260 3686 octo
272 3612 398 3688 litterae
407 3631 501 3700 sunt,
516 3639 598 3713 quas
609 3611 856 3691 Burolthardtus
866 3613 900 3688 in
910 3609 1161 3714 ItinereSyn'aco

183 3734 328 3832 vulgavit
345 3738 442 3835 (pag.
465 3734 567 3832 260).
1053 3723 1054 3727 Ἰ
