2656 4724
615 404 728 487 (44)

847 616 1172 648 Μ*

275 765 583 852 CYCLADUM
614 767 1073 860 INSCRIPTIONES.

531 984 814 1013 *-

571 1090 783 1259 <xum

230 1339 271 1409 In
288 1338 398 1412 insula
419 1340 523 1432 Tine,
541 1340 623 1414 olim
643 1342 772 1432 Tenos,
789 1343 832 1414 ad
857 1343 1020 1442 oppidum
1043 1341 1078 1413 S.
1097 1341 1166 1414 Ni-

180 1460 283 1550 colai,
300 1481 333 1536 et
348 1463 384 1536 in
396 1463 551 1538 exteriori
559 1464 684 1563 pariete
694 1464 842 1563 privatae
853 1462 991 1555 domus,
1009 1481 1169 1564 quaeest

179 1584 222 1660 ad
240 1585 364 1660 laevam
379 1585 603 1676 ascendentis,
622 1614 683 1686 per
698 1588 783 1659 viam
810 1613 896 1685 quae
914 1585 1025 1685 Borgo
1041 1585 1143 1661 ducit.

166 1888 182 1925 ο
254 1879 258 1888 ,
581 1783 715 1877 (XI-‘H’
734 1781 785 1877 2·)

230 1970 270 2040 ln
287 1967 395 2043 insula
415 1971 524 2061 Paro,
547 1987 646 2070 atque
663 1970 698 2042 in
720 1965 847 2069 oppido
865 1967 1045 2054 parochia,
1071 1968 1165 2068 quod

182 2107 232 2164 est
248 2092 352 2164 totius
368 2091 497 2165 insulae
514 2109 630 2191 caput,
650 2091 686 2163 in
702 2105 806 2191 parvo
821 2089 1021 2164 monasterio
1039 2089 1168 2163 Panaziz

181 2216 361 2313 evangelista
377 2233 586 2315 nuncupato,
599 2213 770 2317 zophorus
790 2211 896 2287 dorici
909 2213 1038 2287 ordinis
1058 2211 1169 2287 itibus

182 2335 377 2437 triglyphis,
391 2365 531 2438 quarum
549 2338 778 2430 interjacentes
795 2356 949 2439 metopae
962 2338 1045 2411 duas
1063 2336 1171 2410 conti·

181 2478 263 2532 nent
279 2459 478 2561 epigraphas
497 2461 595 2535 sertis
611 2479 755 2534 ornatas.

547 2659 747 2752 (xL11„3.
766 2663 781 2752 )

230 2841 406 2916 Parechiae
421 2843 456 2915 in
474 2843 617 2942 quadam
632 2845 682 2917 via
698 2845 792 2917 humi
808 2842 938 2938 jacebat
951 2869 1075 2914 corona
1091 2868 1167 2913 cum

181 2964 374 3053 denticulis,
388 2984 420 3039 et
440 2964 609 3066 epistylio,
628 2967 721 3064 cujus
736 2966 868 3039 duabus
882 2965 991 3038 fasciis
1007 2962 1168 3059 biiinguis

183 3086 301 3164 titulus
318 3086 509 3185 inscriptus.

445 3237 447 3240 Δ
557 3212 716 3310 (xun,
741 3211 795 3306 s),

220 3386 352 3474 Decem,
365 3410 450 3485 quae
462 3400 658 3485 sequuntur,
677 3379 1057 3478 inscriptionesvenusto
1065 3375 1164 3449 Pario
1225 3396 1228 3403 ⁴

177 3548 339 3596 marmore
356 3517 502 3618 sculptas
517 3519 552 3591 in
572 3547 652 3614 agro
673 3515 877 3590 Parechiano
897 3515 980 3587 circa
998 3511 1163 3614 oppidum

177 3643 295 3743 reperi.

231 3766 340 3843 Prima
354 3783 404 3838 est
420 3765 454 3837 in
470 3763 593 3865 templo
611 3764 721 3861 magni
734 3763 878 3838 nominis
892 3761 981 3862 apud
998 3761 1162 3844 Graecos,

178 3888 304 3963 Mariae
324 3887 456 3985 Virgini
474 3915 584 3978 sacro,
606 3887 664 3963 sed
680 3885 784 3983 'vulgo
800 3882 1017 3987 Catapoliani,
1039 3879 1164 3956 scilicet
