2656 4724
604 410 617 485 (
644 429 652 466 ¹
660 407 677 466 5
699 414 710 482 i

216 538 340 609 Versus
371 537 516 609 decimus
538 554 571 609 et
595 538 789 636 undecimus
811 538 926 636 majori
953 537 1146 625 intervallo,

167 688 266 759 quam
285 660 401 748 ceteri,
419 659 552 734 distant.

559 859 680 954 (xiv,
700 857 757 954 2.)

217 1056 315 1154 Apud
334 1018 496 1127 Graecum
507 1054 663 1152 Panajoti
680 1053 837 1148 Bakirgi‚
857 1053 892 1127 in
905 1052 996 1125 arula
1009 1055 1152 1126 rotunda

100 1245 101 1249 ,
168 1177 275 1278 pulcri
295 1177 484 1263 marmoris,
513 1179 611 1277 cujus
628 1177 769 1250 sormam
791 1205 828 1249 ac
850 1205 1019 1250 mensuras
1039 1178 1074 1249 in
1093 1178 1151 1250 de·
1207 1227 1209 1232 ·

167 1300 344 1374 lineatione
360 1300 496 1374 servavi.

560 1450 677 1539 (xlv,
699 1451 755 1543 a.)

215 1644 268 1714 Ad
290 1643 496 1731 inferiorem,
514 1673 552 1716 ac
569 1636 792 1719 recentiorem
808 1647 967 1719 ambitum
986 1645 1153 1718 moenium

168 1765 272 1851 arcis,
295 1765 330 1836 in
348 1767 453 1847 hirris
478 1784 644 1840 structura
666 1786 814 1842 vetustus
829 1769 884 1840 hic
906 1767 990 1867 lapis
1008 1768 1153 1842 insertus

168 1887 248 1976 suit,
262 1887 381 1961 litteris
395 1888 487 1961 valde
504 1890 635 1962 attritis,
689 1896 691 1900 ⁴

572 2072 751 2169 <xro

216 2273 255 2341 ln
290 2255 434 2366 ejusdem
464 2269 549 2343 arcis
577 2298 744 2356 ascensu,
768 2286 982 2363 transgresso
1007 2266 1156 2341 inferiori

168 2374 335 2466 moenium
361 2392 522 2480 circuitu,
555 2411 654 2493 porta
680 2393 823 2466 occurrit
844 2393 879 2464 in
907 2391 1042 2464 alterius
1069 2390 1156 2463 muri

168 2515 313 2601 ambitu3
334 2543 431 2615 quem
448 2514 475 2588 si
492 2516 533 2587 ad
550 2516 717 2588 dexteram
735 2515 900 2614 sequeris,
925 2513 1069 2612 lapidem
1087 2514 1156 2586 ins-

171 2638 313 2737 criptum
331 2643 492 2738 reperies,
508 2637 587 2710 olim
605 2639 641 2710 in
658 2639 815 2712 interiore
832 2655 927 2738 parte
943 2637 1028 2710 muri
1047 2635 1158 2737 sepul-

172 2777 257 2846 tum,
276 2778 375 2859 atque
391 2766 461 2852 ejus
476 2759 688 2832 demolitione
701 2789 790 2832 nuno
803 2759 913 2833 denuo
929 2788 946 2832 e
961 2760 1105 2832 tenebris
1123 2759 1158 2830 in

171 2883 279 2955 lucem
296 2900 494 2956 revocatum.
697 2976 700 2982 .

178 2998 181 3002 ’
224 3008 353 3103 Quarto
381 3034 476 3078 versu
505 3004 681 3100 legendum
707 3032 750 3077 ne
776 3004 819 3077 sit
839 3013 1102 3092 ΕΥΝΕΙΚΟΣ,
1122 3031 1159 3076 ac

173 3146 342 3228 postremo
355 3138 557 3205 ΛΕΥΚΩΝ
574 3157 642 3200 non
659 3126 737 3200 satis
755 3145 969 3226 compertum.

575 3319 678 3406 (XV.
700 3320 757 3406 2·)

227 3499 329 3598 Apud
353 3501 511 3573 Graecum
535 3501 749 3602 optimatem,
772 3503 913 3575 transito
932 3500 1108 3600 impluvio,
1126 3501 1159 3572 in

175 3617 250 3718 ipso
267 3619 380 3694 limine
392 3623 559 3697 interioris
575 3625 702 3698 aedium
717 3624 839 3725 partiS,
860 3625 974 3723 paucis
990 3642 1022 3696 et
1035 3623 1161 3718 magnis

176 3743 298 3816 litteris
325 3774 394 3817 non
423 3746 547 3846 optime
569 3747 718 3848 sculptis.
747 3751 787 3820 ln
812 3746 877 3820 fine
902 3746 1023 3847 prioris
1048 3773 1161 3824 versus

176 3865 270 3939 deest
283 3869 309 3939 Ι.
326 3867 419 3942 Nihil
438 3867 472 3940 in
488 3866 598 3969 lapide
613 3868 752 3946 ulterius
768 3870 963 3944 habebatur.
