2656 4724
603 309 709 390 (31)

168 450 238 521 cius
248 448 356 519 Verus
369 441 577 520 consulatum
587 443 686 516 tertio
699 443 803 539 gessit
812 470 903 517 anno
913 463 1050 533 CIIIVII,
1064 446 1152 519 Gru-

141 592 144 598 ·
169 589 259 643 terus
277 571 448 662 (CCLVIII,
464 571 511 661 a)
531 566 665 641 titulum
678 566 778 640 refert
791 567 828 639 iu
845 595 912 668 quo
928 568 966 640 L.
990 569 1069 642 Veri
1085 599 1147 642 no·
1205 663 1207 667 ⁷
1309 615 1314 629 ·

171 712 259 769 tatur
275 720 381 766 annus
397 711 489 765 rma.
508 710 587 764 eor.
604 693 655 762 m.
679 708 755 766 cos
774 710 812 764 II.

221 815 386 890 Postremi
404 841 518 889 versus
534 812 795 910 robigineexest
813 812 1065 887 ac'deformati.'

578 1051 753 1154 (xxu.)
854 1084 858 1100 ι

221 1260 339 1338 Alter
328 1261 510 1361 inscriptus
524 1258 632 1396 lapis
622 1289 658 1331 m
669 1259 743 1360 ipsa
743 1235 909 1361 parietis
905 1263 1154 1341 constructione

173 1385 293 1460 infixus
311 1383 375 1456 filit
392 1380 605 1455 transversim
624 1399 769 1474 erectus,
783 1382 829 1455 ita
846 1400 886 1456 ut
901 1413 1015 1458 versus
1007 1383 1094 1484 ips1
1084 1385 1152 1467 ad

174 1483 446 1610 perpendiculum
460 1520 565 1588 stent;
581 1533 619 1577 ex
636 1533 702 1604 quo
712 1521 805 1603 patet
813 1503 996 1578 aedificium
1008 1525 1154 1586 exstruc-

177 1650 256 1719 tum,
267 1626 320 1702 vel
333 1643 554 1703 restauratum
561 1627 664 1701 surssc
678 1645 757 1728 post
768 1644 908 1711 aetatem
917 1628 1154 1730 imperalorum

176 1755 215 1826 P.
230 1751 349 1851 Licinii
364 1730 549 1838 Valeriani,
565 1779 603 1823 ac
615 1742 674 1823 filii
689 1744 760 1844 ejus
778 1749 937 1839 Gallieni,
951 1780 1095 1851 quorum
1108 1752 1154 1824 ibi

175 1873 213 1947 lit
231 1872 368 1946 mentio.
702 1862 704 1867 ’

224 1995 368 2070 Litterae
378 1991 497 2065 latinae
507 2008 596 2080 sunt,
610 1984 796 2065 intersertis
811 1991 1011 2093 quandoque
1021 1993 1155 2067 Graecis

177 2117 340 2220 imperitia
357 2114 528 2216 lapicidae,
541 2113 594 2188 vel
610 2113 752 2188 fortasse
769 2113 895 2206 militis,
913 2145 971 2220 qur
959 2117 1157 2190 incondite

176 2237 325 2340 sculpsit.
336 2242 458 2312 Fanum
472 2239 611 2322 formam
620 2239 736 2312 rudem
740 2237 977 2340 Inaequalem,
988 2269 1027 2312 ac
1038 2241 1155 2315 menda
1270 2300 1271 2304 ,

176 2363 249 2463 ipsa
260 2361 365 2434 fidelit
352 2381 402 2436 ter
418 2348 573 2459 effingere
590 2389 664 2435 sum
680 2378 835 2450 conatus,
852 2379 1014 2464 quantum
1029 2390 1089 2461 per
1106 2361 1156 2433 la-

178 2485 266 2586 pidis
291 2483 390 2559 altius
415 2483 517 2584 positi
543 2482 805 2573 distantiam,
778 2512 914 2591 ejusque
937 2501 1157 2581 transversam

180 2603 430 2716 collocationem
451 2604 554 2678 licuit.

624 2728 685 2763 θα

545 2816 721 2910 (xxvu,
746 2816 793 2907 ι.)
849 2823 852 2827 ·

228 3029 283 3103 Ab
293 3027 409 3102 iisdem
427 3027 544 3100 castris
556 3026 620 3099 iter
637 3040 688 3098 est
702 3023 805 3110 horae
823 3024 955 3099 trientis
971 3025 1014 3102 ad
1027 3025 1091 3099 alia
1105 3057 1160 3102 ru·

181 3150 258 3223 dera
275 3150 389 3222 itidem
401 3149 436 3221 in
451 3147 565 3221 limine
579 3147 785 3220 desertorum
799 3147 927 3246 posita,
942 3148 1038 3247 queis
1049 3150 1160 3226 videre

180 3289 228 3344 est
246 3271 488 3370 sarcophagos,
506 3292 677 3344 murorum
695 3267 867 3368 reliquias,
888 3288 921 3344 et
938 3271 1074 3372 iusuper
1089 3291 1160 3346 tur-

180 3393 242 3466 n'm
259 3393 421 3494 quadrato
446 3421 525 3467 saxo
541 3391 758 3499 aedificatam,
781 3421 818 3467 ac
840 3393 978 3470 diversis
996 3397 1160 3472 aetatibus

180 3514 405 3591 instauratam.
430 3519 539 3591 Locus
560 3515 707 3590 munitus
733 3514 851 3616 procul
872 3514 977 3594 dubio
1001 3517 1082 3610 fuit,
1102 3520 1166 3593 sed

183 3639 281 3742 quale
301 3669 372 3714 uon
391 3657 530 3713 constat.
550 3641 647 3715 Unus
670 3637 758 3711 enim
776 3639 913 3715 omnino
929 3658 1102 3736 supererat
1119 3642 1161 3713 ti-

185 3764 277 3845 tulus
292 3765 327 3839 in
348 3763 456 3839 medio
477 3763 612 3844 omnino
631 3758 776 3850 deletus,
796 3762 989 3860 ceteroquin
1003 3762 1089 3844 adeo
1105 3792 1161 3837 ro-
