2656 4724
585 253 673 333 (r)

554 390 718 558 (ur)

191 647 419 736 Nicomediae,
433 648 645 739 nunclsmit,
655 649 707 723 vel
721 649 890 751 Isogrmd,
909 651 1003 750 quasi
1017 655 1122 741 εἷςΝι-

139 772 312 872 repedetur,
326 773 361 845 in
374 772 467 846 urbis
475 791 585 874 parte,
598 803 681 875 quae
693 775 728 848 in
740 774 912 875 planitiem
928 775 1121 876 porrigitur,

141 899 302 972 orientem
319 926 449 986 versus,
465 927 572 998 prope
586 901 772 974 Turcarum
789 899 948 1001 templum
967 900 1074 998 surgit
1088 899 1124 971 in

139 1021 250 1095 medio
264 1021 335 1096 viae
349 1023 544 1096 semirutum
554 1023 590 1095 T
588 1022 698 1111 arbela,
719 1050 777 1098 seu
788 1025 1058 1097 mahometanum
1073 1051 1125 1096 se-

138 1143 288 1245 pulcrale
301 1164 562 1220 monumentum.
578 1149 680 1222 Juxta
697 1147 781 1224 illud
797 1148 908 1222 inveni
922 1148 1063 1221 fractum
1080 1144 1124 1218 la·
1173 1228 1177 1234 φ
1202 1175 1205 1184 ·

137 1269 249 1369 pidem
272 1286 435 1344 vetustate
461 1300 653 1361 corrosum,
678 1270 832 1368 robigine
857 1299 1009 1359 exesum,
1035 1267 1124 1343 lectu

138 1388 327 1494 difficilem3
352 1420 389 1464 ac
414 1409 592 1494 prop-terea
616 1393 729 1472 adhuc
747 1393 916 1468 erroribus
943 1393 1124 1467 deformem

140 1513 295 1611 profero,
314 1515 464 1615 quamvis
481 1513 581 1589 semel
598 1533 704 1619 atque.
715 1516 836 1590 iterum
853 1514 1102 1590 emendaverim.

548 1715 717 1811 (ψ.)

189 1890 403 1992 Nicomediae
415 1892 457 1964 ad
469 1919 633 1967 summum
643 1893 738 1968 urbis
751 1894 787 1969 in
799 1893 875 1968 loco
888 1895 978 1969 dicto
986 1896 1126 1971 Batos-

139 2013 227 2098 mesi,
245 2013 337 2114 quod
351 2012 452 2086 latine
465 2014 508 2086 ad
518 2015 631 2088 vineae
640 2016 783 2106 fontem,
797 2017 834 2089 in
847 2015 971 2113 angulo
979 2018 1125 2117 privatae

139 2137 276 2224 domus,
289 2164 403 2238 prope¹
411 2140 594 2241 compitum
610 2141 729 2242 cippus
746 2140 783 2214 in
794 2140 869 2216 solo
885 2141 1035 2217 inversus
1047 2144 1124 2243 pul·

138 2259 204 2332 cris
218 2258 349 2334 litteris

544 2362 719 2485 (vua.)

188 2570 403 2645 Nicomediae
418 2571 454 2644 in
471 2571 643 2671 superiore
660 2570 756 2645 urbis
769 2572 906 2668 regione
924 2571 1043 2648 Jucan'
1053 2574 1125 2649 Bo-

139 2718 210 2783 ων,
225 2693 268 2766 ad
290 2695 401 2766 Basse)
419 2692 574 2780 Humum,
596 2693 687 2793 quod
708 2711 758 2766 est
774 2696 931 2792 praefecti
948 2696 1124 2789 balneum,

141 2844 246 2914 prope
271 2816 460 2903 tabernam,
479 2814 580 2910 vulgo
606 2817 689 2919 cose',
715 2816 794 2920 olim
815 2817 1010 2918 sepulcralis
1028 2847 1124 2911 arca,

140 2967 229 3010 nunc
244 2938 329 3012 fonti
348 2937 541 3013 scaturienti
557 2938 715 3037 subjecta.
731 2940 814 3036 Ejus
831 2940 925 3013 frons
940 2939 1006 3012 alta
1023 2944 1125 3042 pedes

140 3061 242 3150 duos,
257 3060 359 3159 longa
372 3064 474 3162 pedes
488 3090 544 3137 sex
563 3090 636 3135 cum
656 3062 855 3163 quadrante,
868 3064 932 3151 ¹sed
950 3061 1125 3166 inscriptio

140 3186 271 3260 tertiam
285 3185 504 3284 longitudinis
523 3207 650 3286 partem
667 3205 798 3261 tantum
816 3207 968 3287 occupat.

546 3388 641 3485 (Vb
660 3390 718 3480 le)

193 3568 333 3655 Ibidem,
350 3570 413 3643 sub
431 3570 568 3670 platano
586 3601 692 3673 prope
709 3574 849 3648 eundem
864 3575 989 3647 fontem
