2656 4724
609 214 718 301 (47)
830 248 840 275 ·

533 408 721 503 (xcviii,
745 409 791 501 1.)

220 585 259 655 lu
287 608 346 655 ora
359 579 566 654 meridionali
584 579 702 653 insulae
717 577 789 665 Zia,
806 574 885 651 olim
900 576 1004 666 Ceos,
1025 599 1155 655 exstant

169 706 291 779 rudera
322 703 451 804 antiqui
477 702 610 804 oppidi,
639 703 731 804 quod
755 701 951 803 jampridem
976 704 1155 802 putabatur

169 831 192 902 J
195 828 275 920 ulis,
288 856 378 901 nunc
389 843 498 900 autem
510 842 643 901 constat
654 824 757 899 luisse
767 824 972 898 Carthaeam.
984 825 1155 901 Orientale

171 949 339 1054 acropolis
351 949 439 1024 latus
452 966 614 1024 sustentat
628 975 743 1023 murus
754 946 1019 1047 antiquissimus,
1030 966 1061 1021 ct
1075 979 1156 1050 ope-

169 1103 222 1162 re,
241 1091 281 1147 ut
298 1074 411 1158 aiunt,
431 1072 591 1174 cyclopeo
608 1089 809 1161 exstructus,
828 1073 863 1144 in
882 1101 949 1173 quo
968 1092 1156 1174 pervetusta

169 1196 274 1272 incisa
301 1213 351 1270 est
376 1193 550 1296 inscriptio
576 1194 721 1290 magnis,
743 1191 939 1294 profundis,
957 1222 994 1268 ac
1017 1195 1156 1269 rudibus

173 1317 305 1392 litteris.

220 1441 326 1514 Primi
344 1469 456 1515 versus
476 1457 592 1542 quarta
609 1439 721 1514 littera
737 1459 787 1516 est
802 1455 847 1520 N·
870 1542 872 1549 Ι

221 1563 358 1637 Memini
375 1563 409 1636 iu
427 1562 546 1637 alienis
566 1564 696 1638 schedis
712 1566 846 1640 tertium
863 1592 994 1642 versum
1012 1570 1058 1642 ita
1073 1567 1157 1642 rela-

173 1703 242 1758 tum
257 1715 265 1758 :
280 1697 586 1765 ΣΤΕΝΗΡΕῙΟΣ.

539 1840 799 1982 (rivum.)

220 2071 394 2166 luliisdem
410 2071 591 2145 Carthacae
607 2071 713 2145 ruinis
725 2071 888 2149 nonnulla
901 2070 1158 2175 inscriptionum

81 2235 84 2239 ⁴
172 2191 354 2289 fragmenta
366 2194 475 2292 reperi
489 2193 576 2268 inter
586 2193 724 2292 vestigia
734 2197 995 2288 execrationum,
1006 2227 1089 2300 quas
1102 2227 1160 2271 an·

173 2315 351 2389 terioribus
369 2317 466 2390 annis
482 2319 630 2414 aggressi
647 2317 779 2392 fuerant
793 2320 1058 2418 peregrinatores
1077 2351 1160 2422 qua-

173 2457 263 2530 tuor,
278 2439 423 2514 scilicet:
440 2440 557 2514 Danus
579 2438 774 2541 philologus
797 2442 996 2533 Bronstedt3
1013 2444 1161 2518 Virtem-

172 2563 344 2660 bergensis
370 2563 481 2664 pictor
510 2563 636 2653 Lindo
669 2593 778 2640 comes
811 2567 1029 2669 Stackelberg
1056 2574 1161 2647 Livo-

175 2687 317 2777 niensis,
335 2706 367 2762 et
385 2689 505 2760 Scotus
522 2686 774 2784 Walsingham.
789 2691 960 2768 Marmora
974 2702 1040 2790 jam
1053 2698 1162 2770 omnia

176 2809 227 2882 vel
241 2809 323 2884 alibi
334 2809 490 2884 translata
500 2809 552 2885 rel
565 2812 743 2889 confracta.
757 2816 862 2891 Unica
874 2817 994 2907 ferme,
1010 2847 1096 2919 quac
1108 2848 1162 2894 sn·

177 2951 341 3030 peresset,
359 2934 487 3031 integra
506 2934 681 3039 inscriptio
701 2957 760 3012 cst.
