2656 4724
519 437 520 441 ,
600 367 710 441 (22)

213 493 376 580 Secundi,
392 510 424 564 et
437 493 525 565 tertii
542 520 657 565 versus
669 491 746 566 linis
761 521 872 568 erasus
886 496 989 569 luisse
1003 500 1141 572 videtur.

213 615 336 713 Quarti
348 640 461 687 versus
475 613 571 688 initio
583 614 725 688 sortasse
735 634 818 689 NON.
833 634 872 690 M.
889 637 991 692 unua.
1003 620 1146 694 Parvum

163 739 311 812 succedit
325 738 554 826 interstitium,
567 739 603 811 in
620 766 695 838 quo
706 716 847 838 prorsus
860 740 951 815 nulla
964 741 1085 817 littera.

211 861 370 960 Ejusdem
388 861 499 962 rpraeti
512 886 626 938 versus
635 877 718 936 octo
731 877 918 962 postremae
933 862 1064 939 litterae
1073 895 1145 939 non

165 985 242 1058 satis
252 1003 370 1058 certae.

209 1109 390 1205 Legionem
409 1108 586 1182 secundam
608 1136 628 1182 a
650 1109 795 1207 Trajauo
813 1109 1028 1183 constitutam
1041 1088 1144 1183 luisse

163 1231 204 1305 in
214 1235 371 1330 Aegypto
389 1229 555 1321 exDioue
568 1228 652 1324 (lib.
672 1230 742 1327 55)
759 1231 955 1334 accepimus

210 1353 311 1453 Apud
331 1336 510 1426 Gruterum
526 1381 602 1452 pag.
626 1365 736 1435 usur,
756 1379 797 1440 2,
813 1351 934 1450 legitur
949 1371 987 1426 11.
1007 1355 1091 1442 urar
1108 1355 1164 1427 in·

163 1464 337 1549 columella
359 1471 767 1573 Romanarumlegionum
780 1469 916 1550 nomina
930 1470 1118 1551 exhibente.

210 1597 311 1700 Apud
326 1599 465 1672 eundem
481 1626 558 1699 pag.
575 1614 744 1686 ccccxtv,
760 1626 801 1699 9,
814 1617 894 1672 tec.
907 1599 951 1672 ll.
966 1617 1021 1672 Tr.
1036 1620 1117 1674 Fon.

354 1818 355 1821 Ν
427 1720 1141 1818 rag.ccccuvsuuenusutu.sous.

147 1905 149 1912 .
209 1844 384 1919 lunotitia
397 1843 596 1942 dignitatum
606 1841 782 1945 utriusque
794 1844 947 1945 Imperii,
965 1833 1061 1920 «sub
1075 1846 1144 1920 dis-

165 2003 181 2032 »
200 1968 368 2069 positione
392 1966 454 2041 viri
477 1963 670 2068 spectabilis
696 1963 826 2042 comitis
843 1967 891 2041 rei
908 1967 1059 2060 militaris
1082 1998 1143 2068 per

93 2183 97 2187 Ι
164 2123 180 2154 κ
198 2087 408 2192 Aegyptum,
424 2121 442 2156 s
469 2091 630 2164 recensita
648 2109 697 2164 est
721 2089 809 2186 legio
833 2089 977 2163 secunda
1000 2087 1143 2189 Traiana

161 2213 374 2302 Parembole,
395 2214 455 2315 qui
470 2242 560 2314 nunc
577 2204 750 2290 Debud'in
764 2211 885 2288 Nubta.

553 2344 721 2362 m

212 2398 385 2473 Colasueia
403 2426 525 2498 paruus
543 2415 592 2472 est
609 2397 703 2474 locus
718 2387 811 2492 juxta
820 2401 937 2473 Jarras
951 2397 1078 2473 medius
1091 2400 1143 2472 iu·

165 2511 214 2595 ter
227 2522 308 2594 mira
319 2520 527 2611 Abusimbil,
547 2521 599 2594 rel
610 2520 813 2610 llbsambul,
830 2519 1045 2601 subterranea
1062 2540 1144 2600 tem-

80 2687 82 2690 >
162 2646 237 2746 pla,
257 2663 290 2718 et
307 2645 485 2718 secundam
503 2629 573 2717 Nili
590 2644 806 2718 Cataractam.
824 2643 877 2717 Ibi
894 2643 930 2717 in
948 2643 1143 2718 occidentali

43 2781 48 2793 '
162 2767 307 2853 lluminis
333 2767 408 2866 ripa
427 2767 644 2847 christianum
670 2768 849 2870 oppidum,
867 2784 900 2842 et
915 2766 1056 2843 fortasse
1071 2797 1142 2844 am·

163 2889 257 2989 plum
274 2891 521 2967 monasterium
533 2891 680 2965 extitisse
699 2889 843 2978 videtur3
861 2889 955 2988 cujus
969 2889 1079 2964 adhue
1093 2919 1143 2965 rc-

161 3014 529 3090 maneutaetliliciorum
541 3014 668 3112 ruinae,
681 3040 720 3090 ac
728 3040 806 3112 pars
818 3012 962 3087 ambitus
975 3013 1142 3087 moenium

164 3165 204 3212 ex
213 3124 323 3212 crudis
336 3135 502 3211 laterculis
514 3129 763 3209 exstructarum.
775 3132 955 3234 Epitaphia
967 3135 1065 3209 etiam
1073 3164 1142 3208 uon

163 3288 267 3358 pauca
286 3276 489 3360 supersunt,
518 3258 576 3331 sed
601 3271 764 3338 vetustate
789 3284 895 3330 exesa.
925 3260 1056 3334 Horum
1074 3258 1141 3332 duo

162 3383 341 3479 integriora
353 3382 466 3479 selegi,
482 3399 582 3482 atque
594 3409 722 3454 mecum
735 3380 770 3453 in
781 3378 911 3455 Italiam
922 3382 1029 3455 attuli.
1048 3385 1142 3481 Qpae

48 3522 77 3607 '3-
163 3504 402 3580 monachorum
421 3502 529 3599 elogia
547 3503 736 3592 continent,
756 3522 787 3578 et
805 3503 834 3578 si
853 3505 1058 3580 cruditorum
1074 3523 1143 3580 stu·

73 3625 91 3669 ·’
162 3629 218 3703 dio
234 3629 333 3725 digua
345 3657 416 3702 non
424 3627 607 3715 videantur,
624 3626 738 3702 saltem
751 3621 931 3721 ostendunt
945 3627 1142 3703 christianae

162 3750 332 3845 religionis
351 3749 387 3823 iu
403 3737 459 3823 illa
467 3749 664 3851 Aethiopiae
681 3769 775 3852 parte
790 3759 855 3848 jam
867 3753 924 3826 diu
933 3748 1140 3827 deletuemo·

99 3922 100 3928 κ
163 3893 319 3949 numento
339 3873 435 3949 etiam
451 3904 530 3948 num
549 3875 736 3974 perdurare.
