2656 4724
606 318 617 385 (
640 335 676 373 12
697 315 712 388 )
776 370 779 377 .

168 456 254 512 tasse
280 436 450 526 milliaria,
470 466 546 512 cum
571 439 806 542 inscriptione,
825 446 918 550 cujus
943 446 1043 535 finem
1065 468 1152 526 terra

168 562 328 636 obrutum
341 561 460 635 detexi.
480 560 621 669 Aliquid
639 566 735 639 etiam
755 568 919 667 supplevi.
936 574 1152 650 Intervallum

166 685 203 757 in
220 714 317 759 versu
335 703 451 759 octavo
467 685 587 761 litteris
604 707 704 762 caret.
721 692 808 764 Vide
825 694 958 782 Webb.

560 907 672 1006 (uu,
691 876 752 1008 2.')'

105 1198 108 1204 Α
220 1108 349 1181 Eodem
361 1108 445 1181 Jikli
460 1086 656 1184 coemeterio
669 1112 894 1207 fragmentum
909 1114 1000 1186 omni
1011 1102 1154 1213 expirte

167 1230 318 1329 ¹fractum.
335 1231 497 1329 Superius
513 1233 650 1329 vestigia
662 1235 824 1335 quaedam
838 1239 1065 1337 praecedentis
1080 1269 1153 1313 ver-

43 1393 46 1400 ·
169 1382 226 1426 sus
242 1372 412 1452 apparent.
429 1357 470 1427 V.
492 1358 597 1431 Vebb.

556 1536 560 1540 ¹
573 1513 576 1528 Ι

566 1546 680 1642 (ΧΠ,
701 1507 765 1663 3.)Ἰ
805 1627 808 1632 ,

216 1742 258 1813 In
271 1769 357 1841 pago
370 1691 594 1830 Bunarbasci,
610 1742 702 1842 juxta
715 1770 814 1842 quem
833 1745 880 1816 Le
895 1742 1068 1816 Chevalier
1078 1741 1149 1815 alii-

170 1891 235 1961 que
252 1862 332 1937 clari
351 1865 528 1966 scriptores
546 1883 643 1939 retus
660 1864 760 1938 Ilium
774 1864 878 1939 fuisse
895 1883 1030 1966 putant,
1055 1866 1154 1937 tabu-

150 1985 235 2059 lam
259 1990 474 2062 marmoream
492 1990 621 2077 inveni,
642 1983 736 2083 cujus
749 1989 915 2087 >inscripta
933 1989 1031 2068 facies
1046 2018 1163 2088 prona:
1261 1999 1264 2005 ’

167 2107 268 2206 jacet,
288 2108 429 2209 ideoque
446 2139 465 2182 a
483 2112 598 2210 paucis
621 2114 707 2207 visa,
731 2114 790 2187 etsi
812 2111 1094 2215 peregrinantium
1112 2113 1155 2185 ad

169 2232 294 2304 Priami
309 2233 425 2307 urbem
440 2235 596 2335 frequens
614 2236 658 2309 sit
672 2224 837 2310 accessus.
967 2246 969 2249 ’

122 2345 126 2354 ’
220 2357 378 2433 Latitudo
395 2359 541 2457 ejusdem
555 2359 687 2434 tabulae
703 2362 827 2463 pedum
843 2361 996 2442 duorum,
1012 2356 1155 2431 altitudo

170 2481 294 2581 pedum
303 2484 450 2584 quinque
461 2514 534 2558 curn
545 2484 869 2585 pollicibusscptem,
884 2482 1067 2556 crassitudo
1076 2508 1154 2553 vero

171 2605 333 2705 pollicum
358 2606 479 2697 decem.
501 2608 714 2682 Characteres
741 2606 871 2706 antiqui
893 2603 1013 2678 >attritu
1042 2603 1155 2702 potius

173 2757 272 2830 quam
284 2748 446 2805 vetustate
465 2760 548 2830 pene
566 2731 681 2819 deleti,
707 2733 751 2803 ita
770 2748 809 2803 ut
825 2729 932 2803 multo
947 2727 1062 2799 labore
1078 2755 1156 2825 pau-

173 2879 227 2924 cas
246 2851 385 2940 litteras,
405 2883 441 2928 ac
466 2873 654 2953 postremos
678 2881 792 2926 versus
812 2851 997 2925 exscribere
1014 2848 1069 2919 vix
1088 2878 1169 2947 po-.

174 2975 303 3048 tucrim.

511 3093 512 3098 ‘
566 3051 698 3192 (xur,
717 3102 769 3190 1.)

222 3324 263 3394 ln
275 3321 347 3396 vico
360 3319 480 3394 Dalian
493 3321 578 3394 Keui
591 3323 683 3419 juxta
696 3309 1036 3394 ruinasAlexaudriae
1049 3321 1154 3392 Troa-

174 3445 242 3527 dis,
258 3445 335 3518 dum
350 3446 496 3545 antiquis
511 3446 687 3520 ruderibus
705 3443 915 3531 excavandis,
926 3444 1053 3544 ¹quihus
1068 3471 1153 3513 nova

175 3587 410 3642 construerunt
435 3569 470 3640 in
497 3569 717 3669 Hellesponto
736 3566 1007 3668 propugnacula,
1025 3566 1153 3637 Turcae

176 3720 310 3793 operam
327 3692 452 3766 dabant
476 3695 570 3793 (qua
593 3694 728 3794 Abydi,
754 3691 972 3766 Alexandriae
994 3688 1160 3774 Troadis,

174 3813 378 3917 aliarumque
399 3834 602 3891 vetustarum
620 3818 752 3910 urbium
769 3817 920 3890 ultimum
942 3829 1076 3915 paratur
1096 3839 1155 3882 ex-
