2656 4724
210 725 358 846 Ibidem.¹

218 1617 297 1701 Sex,
318 1643 401 1714 quae
419 1634 625 1716 sequuntur,
650 1613 844 1716 sepulcralia
869 1643 1032 1689 marmora
1052 1616 1155 1709 siguis

170 1756 299 1824 ornata,
313 1739 391 1812 dum
402 1739 544 1812 Athenis
559 1739 939 1836 degerem,'erutasuere
951 1740 1154 1836 juratoriam,

171 1862 304 1961 quaeab
314 1862 408 1935 urbis
421 1880 519 1962 porta
533 1863 606 1935 Ino
617 1864 746 1962 Kopesi
755 1879 870 1935 vocata
884 1863 1037 1936 Piraeum
1053 1862 1153 1936 ducit.

169 1985 224 2058 lbi
239 1985 413 2058 verisimile
433 2003 499 2072 est,
522 1985 602 2058 olim
619 1986 720 2059 fuisse
738 1985 969 2058 coemeterium
987 2003 1077 2058 extra
1094 2014 1156 2057 an-

172 2111 283 2210 tiquas
307 2109 433 2182 ltonias
462 2127 600 2209 portas;
626 2109 693 2182 hoc
722 2109 807 2184 enim
832 2109 961 2201 circiter
984 2109 1058 2205 ioco
1077 2111 1158 2185 sitas

173 2250 285 2305 censet
302 2231 420 2305 doctus
436 2232 580 2309 Leakius
599 2235 632 2305 in
650 2235 900 2333 egregioopere
914 2233 1040 2332 anglice
1059 2245 1157 2308 cons·

174 2355 281 2454 cripto
300 2354 340 2426 de
358 2355 566 2429 Athenarum
586 2354 826 2458 topographia
839 2358 1079 2433 Excavationes
1098 2361 1157 2435 fie-

173 2482 255 2554 bant
269 2479 460 2580 sumptibus
479 2481 602 2561 Graeci
620 2481 790 2582 optimatis
808 2483 1005 2579 Logothcti‚
1020 2484 1161 2580 Angliae
1194 2581 1196 2584 ι

177 2600 347 2703 consulis,
379 2603 437 2678 sed
466 2603 669 2704 interruptae
694 2605 785 2679 suere
809 2597 921 2680 mense
939 2607 1059 2707 Aprili
1084 2609 1159 2688 anni

177 2737 383 2815 Mocccxx1‚'
400 2727 632 2826 cumprimum
646 2727 847 2800 Graecorum
863 2729 1020 2804 adversus
1036 2733 1163 2804 Turcas
1222 2734 1229 2748 “

177 2845 305 2921 bellum
324 2849 452 2924 exarsit.
1065 2854 1068 2859 ’

232 2975 323 3046 Haec
335 3003 500 3050 marmora
517 2992 652 3053 cuncta.
669 2975 703 3048 ni
721 2975 837 3066 fallor,
856 3005 956 3078 parva
973 3005 1112 3062 corona,
1127 3009 1166 3054 ac

182 3097 316 3194 fastigio
334 3118 460 3173 ornata.
484 3097 590 3173 Tituli
609 3099 697 3172 inter
715 3100 883 3196 fastigium
903 3119 937 3174 et
952 3101 1164 3202 anaglyphou

181 3225 294 3323 positi.

232 3346 330 3419 Prior
349 3345 461 3421 tabula
483 3348 549 3421 duo
569 3347 704 3421 exhibet
724 3347 816 3442 signa
836 3347 914 3447 plus
938 3376 1037 3446 quam
1061 3347 1166 3420 modia

184 3488 277 3570 parte
294 3470 469 3545 eminentia
488 3471 547 3563 (di
559 3472 648 3572 quasi
658 3471 757 3544 intem
774 3475 910 3556 rilrizeo).

612 3661 750 3755 (hi)
830 3712 831 3715 κ

240 3855 313 3927 Atia
329 3851 474 3929 succedit
489 3848 618 3939 tabula,
632 3850 667 3922 in
683 3879 747 3950 qua
765 3849 826 3923 viri
843 3848 947 3944 figura
965 3850 1171 3948 conspicitur

1011 3970 1050 4045 4*
