2656 4724
191 777 447 870 uruntur
485 780 556 864 Ac
590 783 689 866 ‘rm
725 757 1167 872 mscmrrmuns.

537 1034 821 1063 -Φ-

579 1285 701 1374 (mv,
731 1286 783 1379 ι.)

197 1555 199 1558 ,
235 1479 390 1574 Pergami
403 1505 502 1577 penes
516 1483 683 1579 quendam
699 1483 860 1556 Graecum
873 1487 894 1554 J
897 1513 1034 1557 oannem
1050 1515 1068 1558 a
1085 1488 1172 1560 Chio

189 1620 294 1676 exstat
321 1602 432 1675 tabula
456 1631 660 1693 marmorea,
688 1633 794 1703 quae,
824 1606 903 1677 dnm
919 1606 1173 1680 restituerentur

186 1724 297 1812 aedes,
317 1753 404 1797 anno
425 1724 552 1798 circiter
569 1743 785 1799 Mucccxvtll
802 1728 925 1802 effossa
944 1730 1017 1802 fuit.

233 1848 378 1922 Litterae
388 1848 568 1944 elegantes,
582 1850 712 1922 tametsi
723 1851 895 1924 dimidium
905 1853 1026 1948 anglici
1038 1854 1170 1955 pollicis

185 1968 360 2072 altitudine
375 1973 429 2044 vix
444 1974 612 2046 excedant.
631 1976 755 2046 Earum
771 1975 875 2046 forma
893 1976 1045 2048 carminis
1061 1995 1171 2049 vetus·

186 2076 285 2167 tatem
302 2094 436 2166 indicat.

234 2215 534 2291 Tabulaelatitndo
545 2235 594 2290 est
605 2215 764 2317 pollicum
774 2217 1016 2313 vigintinovem
1028 2227 1103 2292 cum
1113 2222 1170 2296 do·

187 2342 318 2430 drame,
333 2371 474 2442 quorum
484 2359 610 2444 septem
624 2341 793 2443 excipiunt
802 2342 885 2415 duae
899 2343 999 2415 simae
1008 2371 1081 2415 cum
1094 2372 1171 2445 apu-

185 2464 324 2565 phygis,
340 2493 422 2566 quae
437 2465 516 2539 hinc
530 2465 607 2539 inde
621 2464 753 2538 titulum
768 2464 981 2539 concludunt.
998 2470 1080 2560 Ejus
1093 2466 1171 2539 alti·

145 2645 146 2648 ,
187 2589 269 2661 tudo
289 2587 448 2691 pollicum
467 2589 584 2685 viginti
602 2605 678 2661 octo
697 2617 715 2659 a
736 2587 882 2675 dextera,
901 2604 934 2659 et
951 2587 1086 2683 triginta
1103 2589 1171 2661 duo

185 2741 206 2784 a
228 2711 362 2784 sinistra
381 2728 493 2810 purte,
515 2710 603 2810 quod
623 2709 798 2784 discrimen
816 2710 924 2783 oritur
940 2739 980 2784 ex
998 2740 1055 2798 eo,
1076 2713 1169 2811 quod

187 2834 340 2935 superius
364 2831 477 2906 tabula
503 2833 547 2906 sit
572 2831 707 2931 oblique
733 2833 853 2919 fracta,
882 2831 1023 2932 ideoque
1044 2851 1170 2933 septem

184 2957 354 3056 prioribus
370 2957 521 3030 versibus
538 2955 668 3026 initium
685 2955 780 3027 desit.

234 3082 276 3152 ln
292 3097 384 3154 sextu
402 3107 499 3151 versu
516 3077 614 3177 spatii
628 3075 752 3175 aliquid
764 3073 927 3165 relictum,
944 3079 980 3150 in
996 3107 1063 3176 quo
1077 3079 1168 3153 nulla

183 3205 301 3279 littera.

233 3333 358 3403 Versus
377 3344 533 3412 octavus,
555 3342 586 3398 et
602 3352 710 3398 nonus
726 3322 768 3396 ab
787 3352 855 3396 uno
871 3325 913 3396 ad
930 3323 1029 3398 alium
1045 3329 1167 3423 margi·

182 3483 257 3529 nem
266 3451 527 3552 protenduntum
541 3449 780 3549 subsequentes
789 3477 867 3522 vero
875 3449 1063 3550 inaequales
1071 3471 1164 3540 sunt,

183 3593 217 3649 et
238 3581 343 3665 majus
367 3572 570 3672 quandoque
592 3570 641 3645 vel
665 3571 775 3647 minus
797 3572 942 3672 spatium
963 3574 1165 3674 relinquunt.

181 3701 266 3771 Nam
280 3696 364 3796 lapis
377 3698 448 3796 ipse
462 3695 497 3767 in
510 3714 652 3795 utroque
669 3695 769 3769 latere
783 3672 925 3793 integer,
939 3700 995 3772 sed
1015 3727 1114 3797 supra
1135 3717 1167 3772 et

180 3821 266 3895 iulra
282 3819 482 3893 confractus.
