2656 4724
604 397 617 470 l
641 390 713 470 18)

193 602 195 607 ⁴
221 529 271 598 Ex
293 525 368 626 ipso
402 522 568 630 stylobate
589 522 793 622 epigraphen
816 540 967 596 accurate
989 524 1150 623 descripsi

168 663 455 744 announcccx11‚
468 645 582 748 ibique
597 673 671 719 cum
682 645 878 721 Hamiltono
889 645 1025 719 contuli.
1038 651 1149 745 Quas-

170 771 243 843 dam
251 768 377 851 litteras
393 784 472 868 post
487 767 692 864 undeviginti
703 783 866 841 annorum
883 766 1013 868 lapsum
1028 767 1150 841 deletas

169 892 265 980 novi,
281 893 439 992 quasdam
453 891 580 964 diverse
593 891 674 986 legi,
692 891 850 991 quasdam
864 890 979 988 adjeci.
994 890 1150 962 Animad-

170 1015 363 1089 vertendum
382 1032 431 1088 est
449 1014 614 1114 exemplar
629 1043 746 1111 meum·
756 1014 948 1087 confirmare
970 1010 1150 1086 nonnullas

172 1134 224 1212 Cb
249 1135 452 1211 Letronnius
476 1141 702 1229 conjecturas,
725 1153 758 1209 et
778 1135 846 1232 ejus
864 1136 1047 1234 prasertim
1069 1133 1150 1205 nuni

171 1257 566 1357 versusperingeniosam
582 1256 825 1330 divinationem.

219 1383 321 1454 Aetas
336 1397 445 1454 autem
458 1378 671 1480 potissimum
683 1379 824 1465 incerta,
843 1377 920 1476 quia
939 1403 1153 1450 numerorum

172 1520 270 1599 notae
284 1501 373 1576 varie
387 1500 619 1602 proferentum
636 1528 714 1573 narn

171 1720 173 1724 Ι
221 1621 272 1697 cl.
291 1621 469 1696 Jomardus
488 1621 661 1721 exscripsit
677 1617 831 1698 Lln'tlT

222 1743 398 1817 Hamilton
415 1771 494 1816 vero
513 1744 657 1819 LlnltT
1062 1824 1064 1828 Α

223 1869 338 1965 Quum
348 1885 425 1967 post
443 1868 520 1958 anni
532 1883 646 1941 notam
661 1865 926 1961 investigandum
940 1867 1155 1940 essetmensis

171 2018 308 2078 nomen,
323 2007 359 2065 et
374 1991 441 2064 duo
459 1988 508 2063 illi
528 2007 652 2067 tractus
665 1989 808 2090 speciem
824 2016 903 2088 prae
914 2016 947 2062 se
961 1986 1153 2061 ferrentlit·

93 2167 96 2172 -
173 2129 262 2185 terae
278 2122 330 2198 Π,
347 2109 400 2184 cui
412 2123 446 2187 T·
457 2111 621 2206 succedit,
644 2110 697 2186 cl.
714 2112 922 2191 Letronnius,
932 2109 1155 2211 supplendum

174 2231 303 2308 censuit
323 2241 467 2321 ΕΠΙΦΙ,
488 2259 527 2306 co
550 2233 642 2333 quod
662 2233 747 2307 nulli
766 2262 804 2307 ex
820 2233 895 2308 aliis
910 2235 1155 2335 Aegyptiorum

174 2356 337 2431 mensium
350 2354 544 2435 nominibus
555 2356 636 2431 hacc
649 2347 808 2432 notarum
824 2359 952 2458 specics
969 2360 1074 2460 aptari
1088 2389 1156 2433 me·

174 2478 240 2567 lius
254 2495 364 2579 queat.
379 2479 466 2553 Cum
482 2507 562 2556 vero
575 2482 697 2555 mensis
710 2481 934 2583 Aegyptiacus
948 2481 1074 2583 Epiphi
1087 2510 1157 2556 res-

174 2602 321 2700 pondeat
330 2602 501 2676 mensibus
513 2604 675 2681 Romanis
685 2605 708 2676 J
709 2605 789 2678 unio
798 2632 859 2692 ‚ac
867 2605 975 2693 Juli03
990 2605 1091 2678 suerit
1102 2632 1156 2677 au-

177 2742 246 2801 tem
262 2722 451 2803 Alexander
461 2726 600 2802 Severus
616 2756 635 2801 a
650 2727 815 2802 militibus
833 2729 1026 2804 interfectus
1044 2722 1155 2801 mense

177 2847 346 2921 februario
359 2853 430 2944 ejus
438 2847 568 2949 imperii
581 2878 670 2923 anno
683 2851 810 2961 decimo
825 2871 943 2952 quarto
957 2832 1156 2953 (Aegyptio-

179 2997 253 3041 rum
272 2997 363 3042 more
375 2972 607 3071 computato),
626 2971 677 3044 Cl.
694 2974 895 3047 Letronnius
909 3002 979 3047 non
993 2975 1157 3048 immerito

179 3090 290 3186 arguit
306 3089 482 3196 legendum
503 3093 617 3191 potius
636 3095 702 3180 lA,
721 3092 847 3166 scilieet
862 3072 951 3167 anno
969 3090 1154 3169 undecimo.

85 3226 89 3234 '
180 3217 277 3288 Nunc
294 3214 368 3288 vide
384 3232 576 3317 quantuma
590 3241 669 3287 vero
685 3214 826 3289 deducat
839 3213 891 3288 vel
904 3216 1040 3292 minima
1052 3218 1087 3292 in
1099 3247 1158 3291 an·

181 3338 284 3438 tiquis
299 3335 527 3410 exscribendis
542 3335 713 3435 lapidibus
730 3337 927 3414 immutatio.
946 3343 1000 3414 En
1016 3339 1159 3436 genuina

179 3460 279 3534 lectio
294 3491 302 3535 :
316 3462 423 3544 Ltnss
435 3488 442 3503 ·
454 3461 496 3531 T·
511 3488 518 3503 ·
533 3488 540 3503 ·
555 3461 654 3534 ·Duo
671 3459 720 3533 illi
732 3479 857 3536 tractus
875 3482 1021 3544 exstant,
1031 3463 1162 3567 sedin·

183 3583 312 3670 clinati‚
331 3609 392 3655 nee
409 3599 490 3657 sunt
502 3581 647 3673 litterae,
662 3584 730 3668 sed.
743 3603 781 3659 ut
797 3603 892 3684 puto,
906 3587 1035 3681 signum
1053 3585 1161 3684 quod·

182 3705 256 3778 dam
274 3701 491 3795 discriminis,
511 3707 602 3806 quod
622 3725 655 3781 et
680 3708 715 3780 in
739 3707 911 3785 nonnullis
928 3706 1161 3783 Nubicnsibus

182 3824 459 3926 inscriptionibus
494 3829 633 3906 videtur.
668 3820 891 3931 Subsequitur
917 3831 966 3917 Τ,
992 3831 1044 3904 cui
1076 3858 1160 3930 qua·
