2656 4724
623 320 632 352 1
651 311 725 389 23)

225 435 315 508 Haec
328 434 495 535 epitaphia
503 459 655 515 accurate
666 443 907 550 exscripsised
919 447 1087 522 erroribus
1093 477 1157 523 sca·

175 576 256 632 tent
275 559 401 631 Nec
357 587 476 633 mirum
490 561 682 653 habebis,
656 594 684 639 ει
697 583 835 640 aetatem
853 584 996 667 spectes,
1010 599 1049 644 ac
1059 600 1154 671 prae·

174 682 271 780 cipue
289 679 398 754 locum
416 681 503 757 ultra
525 684 660 765 ultimos
677 688 812 815 lmperii
828 688 912 763 fines
934 691 1096 792 positum,
1114 723 1152 767 ac

174 819 269 877 tauto
284 804 394 904 spatio
410 807 593 924 aGraecia‚
609 828 643 884 et
656 841 674 885 a
686 782 821 887 Graecis
837 795 978 888 urbibus
988 815 1150 893 dissitum

223 929 376 1026 Utraque
393 927 436 1000 ab
458 957 532 1002 aera
550 930 738 1034 Martyrum
755 963 862 1008 annos
878 953 1081 1035 computant.

558 1102 758 1199 (xum.)

222 1239 354 1330 Primus
370 1255 504 1333 brevior
523 1255 607 1360 lapis
626 1260 714 1335 lectu
730 1261 837 1337 facilis
854 1262 942 1338 latus
967 1282 1017 1340 est
1032 1266 1151 1365 viginti

174 1394 258 1453 octo
269 1376 498 1468 centimetros,
516 1379 603 1456 altos
619 1381 754 1478 triginta
771 1401 956 1486 septem
955 1397 958 1405 '

223 1501 264 1573 ln
280 1501 405 1600 quinto
416 1528 513 1575 versu
532 1500 708 1598 legendum
725 1531 768 1578 ue
788 1509 876 1579 situ
898 1503 1028 1580 veltt
1011 1534 1150 1608 prorsus

172 1623 369 1719 ambiguum.

552 1724 753 1816 exso

220 1875 528 1978 secunda-longior
549 1883 726 1986 inscriptio
746 1884 895 1980 exiguis,
920 1883 1081 1973 rudibus,
1110 1916 1148 1961 ac

171 2002 255 2078 male
271 2005 485 2079 conformatis
499 2003 618 2078 litteris
636 2005 846 2080 obscuriores
862 2023 1019 2097 aetatem,
1041 2009 1148 2110 scrip-

173 2145 298 2216 torem,
316 2145 349 2202 et
364 2126 541 2229 lapicidam
558 2146 699 2202 accusat.

129 2349 133 2354 '
216 2247 362 2323 Tabulae
378 2247 518 2324 altitudo
537 2249 754 2350 quadraginta
772 2251 1051 2344 centimetrorum,
1071 2251 1147 2328 lati·

171 2373 249 2447 tudo
266 2362 384 2470 viginti
400 2373 509 2446 trium.

215 2495 362 2570 luitiales
378 2493 564 2571 duodecimi
582 2522 695 2571 versus
708 2495 834 2571 litterae
850 2517 965 2573 rasos
983 2526 1051 2572 nou
1067 2500 1146 2573 satis

170 2617 350 2692 distinctae,

216 2742 353 2838 Decimo
375 2739 495 2841 quinto
517 2764 615 2813 versu
633 2737 808 2833 legendum
823 2764 867 2813 ne
884 2745 929 2815 sit
944 2760 1071 2830 mter,
1094 2745 1145 2818 vel

169 2866 474 2943 KOYK'tincertsm.

214 2992 255 3063 Iu
266 2989 450 3090 pendltimo
460 3013 556 3061 versu
564 2985 693 3059 numeri
704 3003 801 3058 uotae
818 2985 945 3062 litterae
961 3005 986 3062 ο
1002 2989 1144 3087 speciem

167 3141 246 3212 prae
254 3136 290 3185 se
300 3112 388 3186 serre
398 3111 548 3197 videtur}
561 3126 671 3182 tamen
680 3107 844 3183 affirmare
854 3139 924 3185 nou
934 3111 1054 3201 ausim,
1070 3139 1145 3184 cum

165 3232 446 3333 inferiusquidam
455 3232 612 3306 incurvus
623 3230 734 3305 sulcus
744 3251 902 3332 appareat
917 3233 978 3306 hac
986 3233 1091 3306 forma
1105 3252 1144 3321 Q,

167 3384 264 3456 quem
290 3355 541 3452 diligentissime
559 3353 816 3454 pervestigando
839 3354 883 3428 sit
905 3384 949 3429 ue
968 3353 1145 3456 scalpturis

166 3504 265 3578 opus,
277 3477 330 3551 vel
346 3476 466 3578 lapidis
482 3477 655 3565 mendum,
670 3475 964 3552 omuinoiucertus
976 3476 1079 3552 haesi.

213 3600 390 3676 Postremo
402 3619 512 3675 autem
524 3628 620 3674 versu
637 3599 716 3672 anni
729 3617 824 3689 nota,
842 3601 992 3702 quamvis
1008 3600 1142 3675 insolita

166 3727 282 3812 forma,
303 3727 348 3800 ita
365 3726 407 3800 ad
420 3725 575 3799 amussim
592 3725 628 3796 in
644 3723 840 3824 archetypo.

561 3871 747 3895 a*

165 3916 268 3991 tems
