2656 4724
415 571 890 727 retortum.
1000 507 1002 515 i

586 896 730 938 ΜΝ

212 1289 318 1364 Quott
328 1285 568 1370 peregrinationis
574 1286 745 1351 saturitatis
753 1285 927 1363 diseessi‚de
935 1284 1155 1351 meminisses

170 1419 242 1481 nihil
254 1419 356 1482 eratin
370 1418 477 1486 animo.
491 1418 608 1502 Quippe
619 1418 762 1487 Lutetiam
774 1429 809 1482 et
817 1416 990 1482 nmtinum
999 1417 1154 1492 amntem,

170 1549 240 1611 hine
254 1550 532 1630 adseptentrionem
546 1573 592 1615 me
608 1552 737 1631 contuli,
751 1562 836 1633 atque
850 1548 1154 1625 ornamentorum

171 1678 544 1760 Iaponiam‚.Moscoriam
565 1682 744 1765 perlustravi.
759 1684 882 1746 Peraoto
901 1681 1016 1744 Boreali
1035 1681 1155 1754 itinere,

173 1813 278 1897 cupido
294 1814 413 1876 maxime
425 1815 543 1878 incessit
558 1814 709 1877 Sarmatiae
723 1814 778 1876 lete
793 1825 927 1892 patentes
938 1835 1071 1894 campos,
1084 1834 1159 1897 quos

174 1945 277 2006 Tanais
296 1955 329 2006 et
341 1945 538 2028 Borysthenes
555 1945 682 2019 alluunt,
698 1958 764 2007 tum
779 1944 875 2008 Ponti·
886 1910 991 2006 Euxini
1006 1956 1091 2026 atque
1101 1944 1161 2004 Pa.-

173 2072 249 2136 ludis
260 2072 415 2136 Maeotidis
424 2092 488 2138 oras
501 2073 637 2138 inviseres
645 2077 688 2137 lta
697 2075 892 2139 sdTuneieam
902 2075 1161 2159 peregrinationem

89 2207 92 2212 ’
175 2204 296 2268 subinde
306 2206 505 2285 ospesseudam
515 2206 653 2268 indnotus
663 2205 722 2282 tui,
735 2229 818 2289 quam
830 2207 967 2290 adusque
979 2206 1099 2268 ultimos
1109 2205 1162 2266 im«
1247 2268 1249 2278 ,

175 2339 250 2420 perii
261 2339 336 2403 fines
348 2339 379 2401 in
393 2338 592 2420 AEthiopiam
604 2339 728 2402 extendi.
739 2342 778 2403 Id
790 2354 884 2404 sutem
897 2342 969 2404 mihi
981 2337 1162 2424 propositum

176 2484 237 2534 erat
248 2471 432 2552 potissimum
442 2472 573 2555 gentium
589 2493 687 2535 morer
699 2484 728 2534 et
741 2473 870 2536 instituta
884 2471 1096 2556 perresdgrre,
1107 2489 1162 2533 re-

177 2615 270 2664 terum
290 2602 375 2664 simul
391 2603 586 2666 aedificiorum
603 2605 755 2686 praeclaras
774 2602 907 2685 reliquias
927 2615 1071 2681 spectaret
1092 2600 1163 2660 nihil
1227 2694 1228 2698 Ἰ

177 2754 246 2798 vero
261 2735 296 2797 de
311 2735 501 2797 litteratorum
518 2736 641 2818 lapidum
659 2719 762 2799 notitia
777 2738 812 2798 ad
825 2759 870 2798 me
885 2710 1028 2819 pertinere
1042 2735 1164 2799 obem»

180 2863 244 2940 ber,
260 2867 314 2946 jam
330 2885 403 2943 pene
423 2877 543 2928 cunctos
564 2866 721 2945 exscriptos
737 2879 888 2946 reputans,
907 2869 952 2931 vel
968 2867 1055 2950 siqui
1071 2887 1163 2950 snpe-

179 3007 305 3071 ressent,
323 2994 440 3056 nonnisi
456 2995 491 3056 ab
512 2996 632 3060 homine
648 2999 741 3083 graeci
757 2999 922 3073 sermonis,
933 3010 1017 3082 atque
1036 2999 1165 3080 antiqui·
1194 2980 1199 2986 ,

180 3125 244 3188 tatis
266 3124 458 3189 eruditissimo
481 3127 694 3211 colligi'posse.
715 3128 808 3190 Aliter
824 3107 969 3192 tamense
988 3151 1033 3191 res
1056 3127 1164 3193 habuis
1233 3150 1236 3154 ⁴

182 3258 257 3319 Cum
273 3258 348 3320 enim
359 3250 465 3322 ‘crebro
481 3275 667 3324 occurrerent
683 3262 886 3345 inscriptiones
901 3285 915 3324 a
928 3262 1031 3337 nullis,
1048 3274 1079 3322 ut
1091 3261 1167 3322 sere-

181 3393 279 3469 batur,
291 3393 337 3454 vel
351 3413 367 3452 a
383 3393 478 3472 paucis
491 3395 645 3455 admodum
659 3395 751 3470 visae,
767 3395 900 3476 quasdam
913 3395 1018 3456 referre
1030 3395 1059 3453 in
1074 3393 1167 3475 pogii-
1231 3481 1233 3484 Ι

182 3525 288 3587 taribus
300 3525 393 3607 coepi.
405 3526 503 3590 Crevit
514 3528 614 3588 exinde
624 3528 756 3605 paulatim
767 3549 811 3590 eas
823 3528 1010 3609 conquirendi
1024 3526 1166 3599 studium,

184 3670 268 3740 atque
285 3659 315 3718 in
340 3679 399 3720 eam
416 3660 584 3722 sententiam
600 3662 681 3736 veni,
702 3661 907 3744 peregrinantis
924 3661 953 3720 io
969 3659 1079 3722 barbara
1095 3671 1169 3720 terra

185 3789 310 3851 officium
329 3813 389 3853 esse
406 3791 511 3873 priscas
531 3793 697 3868 memorias,
715 3814 784 3874 quae
799 3793 829 3853 in
845 3793 904 3855 dies
920 3803 1070 3864 teruntur,
1085 3802 1168 3871 atque
