2656 4724
605 267 615 348 i
641 267 713 346 Ω8)

504 436 509 443 i
534 461 698 559 (XXIII,
718 463 773 557 a.)

217 648 354 740 lnagro
370 619 599 736 Damascena,
618 675 672 720 sax
695 646 823 719 circiter
846 645 1004 719 horarum
1027 648 1154 721 itinero

167 768 210 841 ab
226 767 323 856 urbe,
343 767 502 846 orientem
517 795 644 853 versus,
664 796 780 869 parum
793 769 836 842 ad
848 771 991 844 Boream
1006 798 1156 867 vergens-

170 909 275 964 exstat
292 890 418 978 Diacir,
436 919 534 991 quem
553 891 588 964 io
606 891 736 992 antiqui
753 892 871 993 oppidi
894 892 1005 968 locum
1025 894 1144 994 procul

169 1012 272 1086 dubio
292 1014 392 1086 situm
410 1039 484 1087 esse
509 1013 657 1087 indicant
675 1012 836 1114 templum
857 1015 1024 1089 invmedio
1042 1045 1145 1116 pago,

170 1155 202 1212 et
223 1139 309 1212 circa
326 1169 448 1240 pagum
467 1139 674 1240 sarcophagi.
693 1139 883 1244 Verisimilc
900 1160 966 1232 est,
986 1143 1035 1214 iiii
1054 1142 1147 1242 posi-

169 1280 236 1335 tam
249 1259 351 1336 fuissc
368 1261 543 1370 stationem
560 1261 605 1335 ad
621 1259 770 1345 medem,
790 1290 887 1361 quam
908 1261 1038 1336 Tabula
1058 1265 1149 1338 Peu-

169 1384 353 1480 tingeriana
371 1385 495 1480 viginti
516 1385 663 1486 quinque
679 1381 840 1492 milliariis
861 1413 879 1456 a
899 1385 1062 1458 Damasco
1081 1403 1148 1458 sta·

169 1507 244 1580 tuit.
256 1509 350 1582 xCum
363 1525 472 1582 autem
486 1506 614 1596 nullus,
633 1535 730 1607 quem
745 1507 860 1596 sciam,
875 1513 946 1601 ejus
963 1507 1148 1581 meminerit

168 1629 413 1729 peregrinator,
427 1657 497 1702 non
513 1627 623 1702 solum
640 1627 680 1699 in·
690 1627 780 1717 vico,
793 1655 907 1701 verum
920 1645 959 1700 et*
970 1627 1006 1699 in
1018 1627 1148 1702 viciniis

170 1753 305 1854 antiqua
321 1755 458 1846 rudera,
473 1781 510 1853 ac
526 1767 744 1826 monumenta
759 1748 1147 1850 diligenter-conquisivi3

170 1873 645 1978 veteresitemutitulosin-veni‚
657 1872 1148 1973 quorumexemplasubjiciam.

218 1997 317 2070 Prior
333 1997 369 2068 in
386 1995 528 2096 templo,
545 1997 636 2095 quod
654 1995 754 2068 ferme
770 1994 1056 2091 integrumadhuc
1072 1993 1151 2066 sub*

79 2208 82 2215 ⁴
172 2117 276 2208 sistit,
290 2116 540 2200 adorientalcm
555 2115 700 2191 frontem
712 2116 843 2212 legitur,
857 2111 958 2216 atque
971 2115 1037 2189 hoc
1046 2115 1153 2192 ,habet

170 2238 1150 2340 notationedignum‚,quodimperatorumcognominatanto

172 2356 283 2436 stridio
308 2391 398 2437 erasa
421 2361 562 2453 fuerint,
580 2380 619 2436 ut
639 2359 767 2434 nullum
795 2389 938 2461 prorsus
962 2362 1156 2434 abrasarum.

170 2486 356 2563 litterarum
370 2486 548 2582 vestigium
560 2483 705 2586 perspici
722 2502 836 2586 queat.
856 2471 1152 2562 Praenomiaaau-
1185 2482 1187 2486 ⁴

174 2629 204 2684 te
220 2639 274 2683 ma
294 2610 447 2684 cnomina
457 2627 700 2710 supersunt,et
710 2607 809 2690 simol
823 2608 1151 2707 junctaMAPKssN

172 2742 383 2814 ΙΟΥΛΙΩΝ
404 2732 487 2807 nolli
511 2735 739 2823 Romanorum
761 2735 1006 2833 Imperatorum
1029 2758 1151 2804 conve·

172 2856 286 2944 aiunt,
303 2856 368 2931 nisi
385 2856 470 2956 patri
493 2873 526 2928 et
541 2854 616 2935 filio
633 2853 823 2954 ,Philippis
846 2871 1052 2954 quapropter
1069 2883 1151 2958 sup-

173 2979 331 3080 plendum
353 2992 496 3053 censeo:
515 2989 754 3058 ΦΙΛΙΠΠΩΝ
777 2987 1038 3056 ΟΕΒΑΟΤΩΝ.
1063 2979 1151 3052 Huic

173 3100 272 3176 aetati
282 3101 429 3202 apprime
438 3100 861 3200 congruitacdificiisorma,
875 3117 907 3174 et
914 3099 1152 3175 architecturae

174 3251 295 3332 genos,
314 3250 389 3299 cum
406 3241 438 3296 ct
452 3223 531 3325 pilis
547 3224 592 3304 in*
607 3224 834 3300 columnarum
847 3221 975 3314 locum,
988 3243 1024 3298 et
1037 3223 1151 3299 ordine

166 3346 360 3446 ⁴composito
378 3374 459 3422 usus
477 3348 523 3421 sit
538 3341 751 3437 architectum
763 3345 859 3448 plura
876 3347 1018 3451 denique
1033 3366 1103 3421 tum
1116 3347 1152 3422 iu

174 3469 467 3570 proportionibus,
485 3471 605 3569 tumin
627 3498 824 3544 coronarum
847 3489 880 3544 et
899 3497 1034 3543 arcuum
1052 3498 1153 3543 orna·

175 3593 294 3666 mentis
304 3593 543 3684 aedificatoriae
555 3593 891 3694 artiscorruptionem
900 3594 978 3677 satis
986 3622 1155 3694 superque

177 3719 361 3792 ostendant.
