2656 4724
611 385 717 465 (²⁰)

217 514 386 590 Secundae
398 512 503 586 lineae
520 513 627 622 initio,
643 514 703 586 uhi
718 513 759 585 de
767 511 975 613 Cleopatrae,
990 542 1029 587 ac
1038 516 1153 590 Ptole-

169 639 249 712 maci
267 635 492 738 appellatione
506 636 719 734 disceptatur,
731 635 834 709 hosce
848 634 1053 708 characteres
1065 636 1152 708 iuter

169 759 291 860 lapidis
306 759 467 831 fracturas
485 757 647 858 dispicere
661 756 757 856 potui
768 760 871 832 ΙΟΕΣ.
892 753 1062 830 Circulare
1080 759 1151 830 exi-

170 909 282 977 guum·
300 880 432 976 siguum
457 880 572 954 vertici
599 881 713 980 potius
741 908 840 980 quam
858 880 941 952 ¹basi
964 877 1151 952 litterarum

170 1007 371 1107 proximum,
385 1005 514 1078 litterae
530 1017 557 1082 P
572 1023 699 1105 partem
714 1032 785 1078 esse
798 1021 947 1077 autumo.
962 1005 1152 1099 Legeudum

167 1127 281 1227 itaque
297 1126 427 1201 videtur
443 1139 558 1214 ΙΡΕΣ,
577 1125 630 1200 vel
643 1138 776 1222 ΗΡΕΣ,
796 1154 881 1227 quae
895 1122 1011 1199 finales
1023 1123 1151 1199 litterae

127 1250 414 1326 accommodari
428 1266 601 1348 nequeunt
624 1276 685 1323 nec
704 1276 724 1320 a
743 1247 890 1346 Parqnoi
903 1246 1052 1321 suffectis
1068 1259 1152 1323 ΚΑΙ

171 1378 506 1450 ΦΙΑΟΠΑΤΟΡΕΣ
532 1371 682 1471 (quibus
708 1370 853 1471 spatium
878 1369 975 1443 etiam
1000 1369 1152 1463 delicit)

171 1521 232 1566 nee
243 1492 391 1594 epitheto
402 1479 642 1592 ΕΥΣΕΒΕΥΣ
653 1493 696 1565 ab
709 1490 904 1566 Hamiltono
917 1509 1085 1588 suggesto,
1096 1492 1154 1566 sed

116 1604 118 1609 ⁴
172 1613 341 1714 aptissime
356 1613 703 1714 quadrantaguomini
713 1622 924 1690 ΣΩΤΗΡΕΣ
938 1642 957 1686 a
969 1615 1152 1687 Letronnio

173 1742 339 1829 conjecto,
359 1752 391 1808 et
408 1736 526 1834 (quod
550 1735 662 1832 magni
685 1735 845 1820 momenti
863 1740 940 1828 est)
955 1735 1153 1810 firmissimis

138 1872 143 1886 ‘
173 1860 376 1955 argumentis
390 1887 430 1933 ex
442 1858 582 1932 historia
597 1858 805 1959 depromptis
819 1857 1048 1960 comprobato.

223 1980 352 2066 Alteri,
374 2009 434 2054 uec
451 1981 561 2054 minus
577 1979 810 2078 ancipitiloco
828 1982 1034 2056 restituendo
1054 1987 1155 2075 majo·

146 2110 148 2115 ’
174 2131 244 2176 rem
262 2131 397 2203 quoque
415 2131 550 2203 operam
570 2103 719 2176 adhibui.
740 2107 824 2178 Cum
842 2103 1026 2187 litterarum
1043 2123 1154 2178 vertex

132 2298 134 2305 ,
174 2225 282 2299 adhuc
305 2224 480 2325 paululum
494 2244 669 2326 appareat,
689 2253 801 2299 earum
818 2227 937 2317 rimas,
962 2255 1001 2300 ac
1018 2227 1154 2324 vestigia

93 2363 95 2368 ’
176 2347 294 2436 octies,
311 2347 363 2422 vel
380 2348 490 2422 decies
505 2348 650 2447 repetito
666 2346 784 2422 lahore'
804 2347 983 2451 delineari,
1001 2350 1154 2450 variaque

176 2470 340 2544 schemata
355 2468 543 2557 conferens,
563 2497 624 2544 nec
641 2499 747 2544 uuum
765 2471 896 2544 invenio
914 2472 1005 2572 quod
1016 2482 1153 2549 HAIOI
1212 2458 1215 2468 ¹

177 2593 364 2679 conveniat;
383 2592 494 2667 omnia
519 2609 629 2666 autem
645 2591 723 2693 plus
742 2593 850 2666 miuus
867 2596 1070 2670 APOHPEI
1091 2591 1156 2665 lec-

178 2719 302 2790 tionem
317 2735 429 2816 aperte
444 2714 649 2790 confirmant.

227 2843 276 2914 lta
294 2869 374 2936 ergo
392 2839 567 2935 legendum
584 2839 749 2913 existimo.
