2656 4724
656 244 670 319 <
691 237 710 299 8
730 245 744 320 )

638 408 763 506 (vn.)

196 641 197 645 ,
258 583 367 684 Super
380 581 480 656 colles
494 584 635 655 Boream
649 609 779 670 versus,
792 584 827 655 in
841 585 986 691 quadarn
1000 584 1108 672 vinea,
1127 603 1193 659 ter·

213 707 258 780 tia
270 709 371 780 horae
382 724 476 808 parte
487 707 529 779 ab
541 708 633 794 urbe,
642 707 731 779 unde
742 706 1070 794 inNicomediensem
1081 711 1193 782 sinum

214 841 375 902 amoenus
400 845 615 928 prospectus,
638 827 839 927 stylobatam
855 829 966 902 inveni
983 837 1049 925 jam
1065 832 1194 932 pridem

210 951 370 1026 effossum
393 951 430 1027 in
447 951 548 1024 altera
569 951 664 1025 vinea
681 950 761 1024 hnic
784 951 826 1024 ad
850 952 1010 1052 orientem
1028 944 1192 1053 proxima.

209 1079 320 1153 Multa
333 1079 395 1167 ¹ibi
414 1079 551 1178 antiqua
575 1079 791 1152 fundamenta
816 1077 1028 1180 reperiantur
1050 1080 1197 1156 sortasse

213 1203 399 1299 moenium,
418 1227 504 1303 quale
520 1193 701 1303 acropoliin
716 1182 892 1276 lallabant.

260 1309 449 1425 'Stylobatis
465 1325 703 1426 troncnslatus
721 1323 858 1424 pollices
875 1325 993 1420 viginti
1012 1353 1131 1412 unum,
1147 1324 1195 1399 al-

213 1464 267 1521 tus
288 1447 424 1544 triginta
446 1475 512 1522 sex.
544 1449 689 1546 Cymatii
707 1447 852 1520 altitudo
875 1446 987 1520 decem
1010 1445 1192 1545 pollicum,

212 1581 244 1643 et
252 1569 343 1644 basis
356 1571 570 1643 tantumdem.
584 1569 814 1668 Inscriptionis
827 1568 939 1640 decem
949 1585 981 1640 et
992 1585 1068 1641 octo
1081 1596 1195 1642 versus

212 1692 334 1793 sculpti
347 1713 426 1768 sunt
437 1696 473 1767 in
483 1712 617 1781 trunco,
632 1710 775 1792 quatuor
785 1691 822 1763 in
833 1689 973 1791 quadam
983 1708 1078 1789 parte
1088 1690 1195 1776 basis,

213 1834 402 1915 postremus
418 1819 455 1891 in
473 1816 617 1918 plintho.
638 1814 793 1914 Plerique
811 1842 924 1886 versus
945 1811 1104 1912 acephali.
1136 1813 1196 1884 vi-

200 1933 358 2015 'cesi‘mus
376 1960 487 2015 autem
501 1941 687 2014 minoribus
704 1938 826 2013 litteris
842 1925 1072 2036 interpolatus.

606 2092 727 2205 (vni,
755 2112 812 2209 1.)

261 2287 365 2359 Extra
372 2283 616 2371 Nicomediam,
633 2285 668 2356 in
681 2285 731 2357 via
741 2314 826 2385 quae
835 2287 1200 2360 coemetetiotlrmeno-

213 2438 288 2482 rum
299 2405 786 2505 adstat‚Boreamversuslapis
799 2406 920 2478 infixus
934 2407 969 2479 in
979 2437 1081 2506 parvo
1090 2438 1200 2498 muro,

216 2531 310 2631 cnjus
335 2529 512 2624 longitudo
544 2530 651 2603 tribus
678 2528 835 2630 pedibuS‚
861 2526 1004 2600 altitudo
1034 2559 1113 2604 vero
1136 2532 1198 2604 do·

151 2637 153 2641 ¹
217 2652 345 2726 drante.
361 2651 481 2726 Clarus
495 2653 693 2757 Hammerus
713 2650 749 2723 in
760 2648 877 2725 Itinere
891 2647 1078 2754 Billgyaioco
1091 2651 1201 2724 minus

212 2765 377 2873 integram
388 2774 500 2849 edidit.

605 2924 726 3018 (llll,
747 2922 805 3015 a.)

263 3096 304 3167 ln
315 3121 403 3194 pago
413 3090 578 3185 Sabangia
589 3149 597 3176 ‚
610 3120 666 3166 sex
681 3121 699 3164 a
713 3092 905 3166 Nicomedia
918 3094 1028 3183 horis,
1040 3096 1199 3168 orientem

215 3247 343 3306 versos,
361 3219 480 3316 cippus
503 3215 537 3287 in
561 3215 611 3287 via
636 3245 744 3314 prope
768 3216 906 3301 Mena'l,
928 3246 987 3290 seu
1007 3219 1197 3292 veredorum

215 3341 393 3416 stabulum.
410 3338 505 3412 Basis
523 3338 626 3412 humo
642 3357 800 3412 contecta.

609 3514 736 3607 (nn,
757 3512 816 3605 3.)
937 3458 938 3462 Ὺ

263 3686 447 3780 Sabangiae
458 3685 491 3758 in
504 3685 616 3785 amplo
625 3687 756 3761 stabulo
770 3687 952 3777 diverson'i,
963 3691 1053 3790 quod
1062 3688 1201 3791 appella·
